3324 5482
735 711 912 786 -85..

341 902 434 974 rere,
450 882 578 976 quibus
593 882 859 981 antiquissimus
875 884 1195 978 usitatissimusque
1209 883 1313 958 ludus

341 1002 537 1074 variaretur
555 1001 615 1094 (l).
637 999 729 1072 Satis
749 1002 795 1072 sit
816 1023 857 1072 ea
877 1002 916 1072 in
940 1001 1153 1074 Cottahismo
1172 1008 1312 1092 notare,

344 1142 423 1213 quae
441 1119 665 1211 potissimum
686 1119 730 1190 ad
749 1124 906 1190 nostram
925 1120 1108 1191 materiem
1122 1121 1313 1212 pertinent.
1334 1143 1337 1147 ·

344 1236 504 1307 Primum
535 1234 717 1327 oportebat
748 1255 893 1306 manum
921 1241 1095 1326 venuste,
1128 1236 1315 1307 tibicinum

345 1373 464 1440 more,
489 1352 698 1440 incurvare3
720 1352 877 1440 adhoc,
899 1353 983 1423 dum
1001 1354 1123 1423 vinum
1147 1374 1167 1423 e
1190 1352 1316 1443 poculo

347 1466 564 1559 ejiciebatur,
580 1467 677 1538 lusor
691 1468 814 1540 amicae
834 1473 893 1540 aut
912 1469 1048 1558 amico,
1071 1470 1170 1561 cujus
1185 1489 1318 1539 nomen

348 1584 415 1656 alta
430 1604 515 1657 voce
534 1585 804 1676 pronuntiabat,
824 1586 1013 1677 propinare
1029 1585 1152 1656 solitus
1168 1591 1254 1657 erat.

391 1702 488 1774 Inter
512 1685 624 1773 Alcaei
653 1708 689 1773 et
724 1702 958 1774 Anacreontis
992 1703 1210 1794 fragmenta,
1248 1705 1317 1773 duo

347 1823 446 1910 sunt,
471 1839 550 1911 quae
568 1819 612 1890 ed
634 1817 810 1888 cottahum
827 1823 1015 1910 spectant:

380 2035 437 2105 Α.)
456 2063 492 2078 -
654 2025 786 2105 Λάταγες
806 2026 951 2089 ποτέονται

579 2132 714 2216 κυλιχνᾶν
730 2132 786 2194 tet
797 2132 887 2212 Τηϊᾶν
903 2132 960 2217 (2).

668 2303 785 2376 Leleges
798 2303 893 2360 rolant
985 2274 989 2281 ¹

580 2401 711 2460 calicibus
728 2418 762 2459 ex
775 2401 859 2460 Telis.

394 2611 458 2688 n.)
472 2600 605 2674 -Nos
624 2603 727 2673 docet
739 2601 927 2672 Anacreon
945 2619 1015 2692 quo
1035 2600 1139 2674 modo
1156 2598 1322 2672 Cottahus

350 2719 430 2811 ejici
449 2718 600 2791 debeat:

455 2932 573 2996 Σικελὸν
594 2931 728 2995 κότταόον
751 2930 1010 3016 ἀγκύλῃ’λελίζων
1029 2931 1083 3016 (3).

455 3104 580 3161 Siculum
595 3102 738 3159 cottahum
750 3102 853 3159 inflexo
868 3102 962 3159 cubito
978 3109 1177 3176 contorquens.

393 3327 454 3404 u.)
469 3361 511 3374 -
531 3317 661 3409 Quum,
677 3322 767 3389 teste
785 3317 970 3405 Athenaeo,
992 3318 1054 3407 qui
1069 3317 1206 3388 cottaho
1224 3317 1322 3390 lude·

349 3439 434 3511 hant
453 3436 575 3509 amicae
601 3439 661 3507 aut
682 3433 788 3506 amici
810 3455 942 3506 nomen
967 3436 1257 3526 pronuntiarent,
1283 3437 1322 3506 in

381 3680 418 3748 (l)
433 3681 470 3733 De
485 3679 582 3731 cottabi
601 3679 662 3730 ludo
680 3677 735 3730 vide
758 3677 858 3738 Athen,
874 3676 923 3738 XV,
939 3676 1040 3738 inita·
1057 3677 1158 3739 Pollux,
1175 3683 1206 3740 6,
1225 3682 1256 3730 19
1267 3695 1275 3739 ς
1287 3705 1320 3719 -

347 3774 430 3828 smol.
444 3770 578 3837 Aristophi‚
598 3772 668 3834 Aea,
685 3773 749 3831 528,
764 3769 837 3831 Nur,
855 3763 932 3831 loro,
949 3771 1160 3831 Paa,12ra;-
1171 3772 1256 3838 Etym.
1272 3772 1317 3834 M,

348 3881 374 3933 ρ.
389 3870 450 3928 tte,
467 3870 499 3919 68
510 3884 560 3927 ;-
573 3864 661 3917 suidas
672 3882 680 3926 ς
690 3891 722 3900 -
734 3863 834 3914 Henric.
858 3864 984 3927 stephan,
1008 3863 1129 3914 Thesaur.
1145 3864 1225 3916 Groec.
1240 3865 1319 3928 lina,-

348 3962 452 4025 -Becq
464 3960 494 4010 de
505 3959 670 4024 Fouquierer,
687 3956 732 4008 Les
739 3959 804 4023 jener
816 3957 857 4007 des
868 3956 985 4022 Areten&
1000 3957 1080 4020 Paris,
1096 3956 1230 4018 Reinwald,
1245 3960 1317 4021 1869,

347 4065 375 4118 p.
387 4055 436 4106 erl
447 4058 472 4104 et
486 4065 538 4116 req.

382 4145 418 4212 (l)
437 4146 536 4208 Athen,
550 4145 599 4208 xt,
614 4147 672 4198 886.
687 4145 716 4196 A.

385 4237 419 4303 (8)
436 4239 541 4300 Athen„
558 4239 598 4300 x,
621 4239 678 4292 lm.
700 4237 731 4291 8.
752 4263 783 4275 -
808 4235 846 4288 ct
873 4236 984 4302 Dionysii
1008 4237 1163 4290 Atheniensis
1185 4237 1319 4301 elegiarum

349 4332 437 4398 heum.
450 4336 479 4394 8,
492 4332 531 4384 ed.
547 4330 721 4383 Schneidewin.
735 4356 768 4371 ·-
782 4330 880 4389 Athen,
893 4330 942 4391 XV,
960 4332 1016 4383 668.
1031 4332 1060 4383 Ε.
