<?xml version="1.0" encoding="UTF-8"?>
<!DOCTYPE html PUBLIC "-//W3C//DTD XHTML 1.0 Transitional//EN"
    "http://www.w3.org/TR/xhtml1/DTD/xhtml1-transitional.dtd">
<html xmlns="http://www.w3.org/1999/xhtml" xml:lang="en" lang="en">
 <head>
  <title>
</title>
<meta http-equiv="Content-Type" content="text/html;charset=utf-8" />
  <meta name='ocr-system' content='tesseract 3.04.00' />
  <meta name='ocr-capabilities' content='ocr_page ocr_carea ocr_par ocr_line ocrx_word'/>
</head>
<body>
  <div class='ocr_page' id='page_1' title='image "./descoliissivede00gastgoog_0019.png"; bbox 0 0 3324 5482; ppageno 0'>
   <div class='ocr_carea' id='block_1_1' title="bbox 872 673 1027 742">
    <p class='ocr_par' dir='ltr' id='par_1_1' title="bbox 872 673 1027 742">
     <span class='ocr_line' id='line_1_1' title="bbox 872 673 1027 742; baseline -0.006 -15"><span class='ocrx_word' id='word_1_1' title='bbox 872 673 1027 742; x_wconf 78' lang='grc'>..8.-</span> 
     </span>
    </p>
   </div>
   <div class='ocr_carea' id='block_1_2' title="bbox 459 842 1433 1292">
    <p class='ocr_par' dir='ltr' id='par_1_2' title="bbox 459 842 1433 1292">
     <span class='ocr_line' id='line_1_2' title="bbox 459 842 1433 937; baseline -0.004 -17"><span class='ocrx_word' id='word_1_2' title='bbox 459 848 561 921; x_wconf 78' lang='lat' dir='ltr'>liant.</span> <span class='ocrx_word' id='word_1_3' title='bbox 588 844 662 918; x_wconf 88' lang='lat' dir='ltr'>Nos</span> <span class='ocrx_word' id='word_1_4' title='bbox 688 845 854 937; x_wconf 88' lang='lat' dir='ltr'>quidem,</span> <span class='ocrx_word' id='word_1_5' title='bbox 881 842 992 916; x_wconf 84' lang='lat' dir='ltr'>allatis</span> <span class='ocrx_word' id='word_1_6' title='bbox 1022 847 1204 915; x_wconf 87' lang='lat' dir='ltr'>auctorum</span> <span class='ocrx_word' id='word_1_7' title='bbox 1232 843 1340 933; x_wconf 91' lang='lat' dir='ltr'>locis,</span> <span class='ocrx_word' id='word_1_8' title='bbox 1372 845 1433 936; x_wconf 89' lang='lat' dir='ltr'>qui</span> 
     </span>
     <span class='ocr_line' id='line_1_3' title="bbox 460 962 1432 1052; baseline -0.004 -15"><span class='ocrx_word' id='word_1_9' title='bbox 460 965 572 1037; x_wconf 86' lang='lat' dir='ltr'>fusius</span> <span class='ocrx_word' id='word_1_10' title='bbox 588 963 777 1035; x_wconf 88' lang='lat' dir='ltr'>scoliorum</span> <span class='ocrx_word' id='word_1_11' title='bbox 796 962 1015 1032; x_wconf 82' lang='lat' dir='ltr'><strong>mentionem</strong></span> <span class='ocrx_word' id='word_1_12' title='bbox 1029 962 1166 1052; x_wconf 89' lang='lat' dir='ltr'>leoere,</span> <span class='ocrx_word' id='word_1_13' title='bbox 1184 983 1261 1033; x_wconf 88' lang='lat' dir='ltr'>rem</span> <span class='ocrx_word' id='word_1_14' title='bbox 1280 963 1432 1034; x_wconf 86' lang='lat' dir='ltr'>enodare</span> 
     </span>
     <span class='ocr_line' id='line_1_4' title="bbox 461 1078 1432 1172; baseline -0.005 -18"><span class='ocrx_word' id='word_1_15' title='bbox 461 1085 644 1172; x_wconf 88' lang='lat' dir='ltr'>nitemur;</span> <span class='ocrx_word' id='word_1_16' title='bbox 673 1101 746 1151; x_wconf 90' lang='lat' dir='ltr'>non</span> <span class='ocrx_word' id='word_1_17' title='bbox 773 1098 958 1170; x_wconf 88' lang='lat' dir='ltr'>speramus</span> <span class='ocrx_word' id='word_1_18' title='bbox 986 1081 1104 1149; x_wconf 85' lang='lat' dir='ltr'>tamen</span> <span class='ocrx_word' id='word_1_19' title='bbox 1136 1078 1235 1150; x_wconf 88' lang='lat' dir='ltr'>litem</span> <span class='ocrx_word' id='word_1_20' title='bbox 1266 1080 1432 1170; x_wconf 82' lang='lat' dir='ltr'>deinceps</span> 
     </span>
     <span class='ocr_line' id='line_1_5' title="bbox 461 1196 854 1292; baseline -0.015 -21"><span class='ocrx_word' id='word_1_21' title='bbox 461 1199 653 1292; x_wconf 88' lang='lat' dir='ltr'>subjudice</span> <span class='ocrx_word' id='word_1_22' title='bbox 673 1216 746 1267; x_wconf 93' lang='lat' dir='ltr'>non</span> <span class='ocrx_word' id='word_1_23' title='bbox 766 1196 854 1266; x_wconf 86' lang='lat' dir='ltr'>fore.</span> 
     </span>
    </p>
   </div>
   <div class='ocr_carea' id='block_1_3' title="bbox 387 1400 1539 3602">
    <p class='ocr_par' dir='ltr' id='par_1_3' title="bbox 387 1400 1539 3602">
     <span class='ocr_line' id='line_1_6' title="bbox 505 1400 1434 1494; baseline 0 -20"><span class='ocrx_word' id='word_1_24' title='bbox 505 1415 625 1491; x_wconf 74' lang='lat' dir='ltr'><strong>A·)-</strong></span> <span class='ocrx_word' id='word_1_25' title='bbox 637 1404 680 1475; x_wconf 91' lang='lat' dir='ltr'>In</span> <span class='ocrx_word' id='word_1_26' title='bbox 699 1403 856 1476; x_wconf 88' lang='lat' dir='ltr'>secundo</span> <span class='ocrx_word' id='word_1_27' title='bbox 874 1402 918 1473; x_wconf 88' lang='lat' dir='ltr'>de</span> <span class='ocrx_word' id='word_1_28' title='bbox 942 1401 1014 1472; x_wconf 82' lang='lat' dir='ltr'>Usu</span> <span class='ocrx_word' id='word_1_29' title='bbox 1026 1400 1224 1483; x_wconf 82' lang='lat' dir='ltr'>Librorum</span> <span class='ocrx_word' id='word_1_30' title='bbox 1241 1402 1350 1494; x_wconf 90' lang='lat' dir='ltr'>libro,</span> <span class='ocrx_word' id='word_1_31' title='bbox 1369 1405 1434 1474; x_wconf 89' lang='lat' dir='ltr'>Ar-</span> 
     </span>
     <span class='ocr_line' id='line_1_7' title="bbox 463 1518 1433 1614; baseline -0.004 -19"><span class='ocrx_word' id='word_1_32' title='bbox 463 1533 583 1596; x_wconf 79' lang='lat' dir='ltr'>temon</span> <span class='ocrx_word' id='word_1_33' title='bbox 608 1522 872 1608; x_wconf 83' lang='lat' dir='ltr'>Cassandreus,</span> <span class='ocrx_word' id='word_1_34' title='bbox 897 1518 1057 1590; x_wconf 84' lang='lat' dir='ltr'>laudatus</span> <span class='ocrx_word' id='word_1_35' title='bbox 1083 1519 1127 1590; x_wconf 88' lang='lat' dir='ltr'>ab</span> <span class='ocrx_word' id='word_1_36' title='bbox 1152 1520 1324 1594; x_wconf 83' lang='lat' dir='ltr'>Athenaeo</span> <span class='ocrx_word' id='word_1_37' title='bbox 1350 1523 1433 1614; x_wconf 89' lang='lat' dir='ltr'>(qui</span> 
     </span>
     <span class='ocr_line' id='line_1_8' title="bbox 463 1637 1433 1732; baseline 0 -20"><span class='ocrx_word' id='word_1_38' title='bbox 463 1644 536 1712; x_wconf 88' lang='lat' dir='ltr'>lore</span> <span class='ocrx_word' id='word_1_39' title='bbox 565 1661 689 1712; x_wconf 90' lang='lat' dir='ltr'>omnes</span> <span class='ocrx_word' id='word_1_40' title='bbox 721 1658 808 1731; x_wconf 89' lang='lat' dir='ltr'>quas</span> <span class='ocrx_word' id='word_1_41' title='bbox 839 1637 1013 1708; x_wconf 87' lang='lat' dir='ltr'>habemus</span> <span class='ocrx_word' id='word_1_42' title='bbox 1045 1637 1237 1708; x_wconf 88' lang='lat' dir='ltr'>scoliorum</span> <span class='ocrx_word' id='word_1_43' title='bbox 1268 1639 1433 1732; x_wconf 81' lang='lat' dir='ltr'>reliquias</span> 
     </span>
     <span class='ocr_line' id='line_1_9' title="bbox 464 1754 1433 1849; baseline -0.005 -18"><span class='ocrx_word' id='word_1_44' title='bbox 464 1756 638 1849; x_wconf 88' lang='lat' dir='ltr'>servavit)</span> <span class='ocrx_word' id='word_1_45' title='bbox 657 1756 767 1826; x_wconf 81' lang='lat' dir='ltr'><strong>refert</strong></span> <span class='ocrx_word' id='word_1_46' title='bbox 786 1755 943 1825; x_wconf 88' lang='lat' dir='ltr'>carmina</span> <span class='ocrx_word' id='word_1_47' title='bbox 963 1754 1156 1841; x_wconf 86' lang='lat' dir='ltr'>convivalia</span> <span class='ocrx_word' id='word_1_48' title='bbox 1173 1755 1297 1828; x_wconf 81' lang='lat' dir='ltr'>Soulia</span> <span class='ocrx_word' id='word_1_49' title='bbox 1313 1756 1433 1848; x_wconf 88' lang='lat' dir='ltr'>appel-</span> 
     </span>
     <span class='ocr_line' id='line_1_10' title="bbox 462 1872 1437 1963; baseline 0 -19"><span class='ocrx_word' id='word_1_50' title='bbox 462 1876 532 1946; x_wconf 85' lang='lat' dir='ltr'>lata</span> <span class='ocrx_word' id='word_1_51' title='bbox 564 1875 673 1943; x_wconf 87' lang='lat' dir='ltr'>fuisse</span> <span class='ocrx_word' id='word_1_52' title='bbox 708 1893 753 1942; x_wconf 89' lang='lat' dir='ltr'>ex</span> <span class='ocrx_word' id='word_1_53' title='bbox 788 1872 866 1963; x_wconf 89' lang='lat' dir='ltr'>ipsa</span> <span class='ocrx_word' id='word_1_54' title='bbox 900 1872 1065 1943; x_wconf 89' lang='lat' dir='ltr'>cantandi</span> <span class='ocrx_word' id='word_1_55' title='bbox 1101 1874 1250 1946; x_wconf 85' lang='lat' dir='ltr'>ratione.</span> <span class='ocrx_word' id='word_1_56' title='bbox 1287 1875 1437 1945; x_wconf 85' lang='lat' dir='ltr'>«Erant</span> 
     </span>
     <span class='ocr_line' id='line_1_11' title="bbox 464 1987 1436 2081; baseline -0.003 -19"><span class='ocrx_word' id='word_1_57' title='bbox 464 1997 599 2079; x_wconf 87' lang='lat' dir='ltr'>autem,</span> <span class='ocrx_word' id='word_1_58' title='bbox 616 1987 732 2079; x_wconf 83' lang='lat' dir='ltr'>inquii</span> <span class='ocrx_word' id='word_1_59' title='bbox 749 1988 809 2080; x_wconf 82' lang='lat'>(1),</span> <span class='ocrx_word' id='word_1_60' title='bbox 826 1987 1015 2058; x_wconf 89' lang='lat' dir='ltr'>scoliorum</span> <span class='ocrx_word' id='word_1_61' title='bbox 1034 1989 1101 2060; x_wconf 87' lang='lat' dir='ltr'>tria</span> <span class='ocrx_word' id='word_1_62' title='bbox 1119 2011 1262 2081; x_wconf 84' lang='lat' dir='ltr'>genera.</span> <span class='ocrx_word' id='word_1_63' title='bbox 1280 1991 1436 2062; x_wconf 89' lang='lat' dir='ltr'>Primum</span> 
     </span>
     <span class='ocr_line' id='line_1_12' title="bbox 466 2103 1434 2199; baseline -0.002 -21"><span class='ocrx_word' id='word_1_64' title='bbox 466 2107 629 2199; x_wconf 88' lang='lat' dir='ltr'>quidem,</span> <span class='ocrx_word' id='word_1_65' title='bbox 652 2105 746 2196; x_wconf 89' lang='lat' dir='ltr'>quod</span> <span class='ocrx_word' id='word_1_66' title='bbox 767 2103 811 2175; x_wconf 91' lang='lat' dir='ltr'>ab</span> <span class='ocrx_word' id='word_1_67' title='bbox 837 2104 1001 2174; x_wconf 90' lang='lat' dir='ltr'>omnibus</span> <span class='ocrx_word' id='word_1_68' title='bbox 1027 2107 1160 2176; x_wconf 87' lang='lat' dir='ltr'>cantari</span> <span class='ocrx_word' id='word_1_69' title='bbox 1185 2106 1326 2178; x_wconf 86' lang='lat' dir='ltr'>solitum</span> <span class='ocrx_word' id='word_1_70' title='bbox 1349 2110 1434 2176; x_wconf 87' lang='lat' dir='ltr'>erat.</span> 
     </span>
     <span class='ocr_line' id='line_1_13' title="bbox 466 2222 1438 2315; baseline -0.002 -19"><span class='ocrx_word' id='word_1_71' title='bbox 466 2265 508 2280; x_wconf 85' lang='lat'><strong>—</strong></span> <span class='ocrx_word' id='word_1_72' title='bbox 523 2223 745 2313; x_wconf 87' lang='lat' dir='ltr'>Secundum,</span> <span class='ocrx_word' id='word_1_73' title='bbox 767 2222 862 2315; x_wconf 90' lang='lat' dir='ltr'>quod</span> <span class='ocrx_word' id='word_1_74' title='bbox 881 2242 1004 2292; x_wconf 88' lang='lat' dir='ltr'>omnes</span> <span class='ocrx_word' id='word_1_75' title='bbox 1024 2224 1168 2314; x_wconf 88' lang='lat' dir='ltr'>quidem</span> <span class='ocrx_word' id='word_1_76' title='bbox 1188 2224 1382 2313; x_wconf 82' lang='lat' dir='ltr'>canebant,</span> <span class='ocrx_word' id='word_1_77' title='bbox 1404 2230 1438 2294; x_wconf 89' lang='lat' dir='ltr'>at</span> 
     </span>
     <span class='ocr_line' id='line_1_14' title="bbox 465 2339 1437 2430; baseline -0.005 -14"><span class='ocrx_word' id='word_1_78' title='bbox 465 2365 537 2416; x_wconf 90' lang='lat' dir='ltr'>non</span> <span class='ocrx_word' id='word_1_79' title='bbox 568 2341 696 2428; x_wconf 89' lang='lat' dir='ltr'>simul,</span> <span class='ocrx_word' id='word_1_80' title='bbox 727 2340 791 2409; x_wconf 90' lang='lat' dir='ltr'>sed</span> <span class='ocrx_word' id='word_1_81' title='bbox 821 2339 970 2409; x_wconf 87' lang='lat' dir='ltr'>circuitu</span> <span class='ocrx_word' id='word_1_82' title='bbox 1000 2340 1175 2430; x_wconf 86' lang='lat' dir='ltr'>quodam,</span> <span class='ocrx_word' id='word_1_83' title='bbox 1201 2345 1240 2410; x_wconf 92' lang='lat' dir='ltr'>ut</span> <span class='ocrx_word' id='word_1_84' title='bbox 1263 2341 1351 2411; x_wconf 89' lang='lat' dir='ltr'>alius</span> <span class='ocrx_word' id='word_1_85' title='bbox 1379 2340 1437 2411; x_wconf 91' lang='lat' dir='ltr'>alii</span> 
     </span>
     <span class='ocr_line' id='line_1_15' title="bbox 467 2455 1439 2549; baseline -0.003 -18"><span class='ocrx_word' id='word_1_86' title='bbox 467 2460 591 2531; x_wconf 87' lang='lat' dir='ltr'>ordine</span> <span class='ocrx_word' id='word_1_87' title='bbox 611 2456 829 2529; x_wconf 82' lang='lat' dir='ltr'>succederet.</span> <span class='ocrx_word' id='word_1_88' title='bbox 842 2492 884 2505; x_wconf 90' lang='lat'><em>-</em></span> <span class='ocrx_word' id='word_1_89' title='bbox 906 2455 1064 2526; x_wconf 86' lang='lat' dir='ltr'>Tertium</span> <span class='ocrx_word' id='word_1_90' title='bbox 1087 2477 1171 2527; x_wconf 91' lang='lat' dir='ltr'>vero</span> <span class='ocrx_word' id='word_1_91' title='bbox 1191 2458 1284 2548; x_wconf 91' lang='lat' dir='ltr'>quod</span> <span class='ocrx_word' id='word_1_92' title='bbox 1303 2464 1439 2549; x_wconf 86' lang='lat' dir='ltr'>postro-</span> 
     </span>
     <span class='ocr_line' id='line_1_16' title="bbox 467 2572 1513 2666; baseline -0.006 -16"><span class='ocrx_word' id='word_1_93' title='bbox 467 2598 566 2650; x_wconf 89' lang='lat' dir='ltr'>mum</span> <span class='ocrx_word' id='word_1_94' title='bbox 589 2572 888 2647; x_wconf 87' lang='lat' dir='ltr'>omnium-locum</span> <span class='ocrx_word' id='word_1_95' title='bbox 912 2572 1111 2662; x_wconf 88' lang='lat' dir='ltr'>obtinebat,</span> <span class='ocrx_word' id='word_1_96' title='bbox 1134 2575 1231 2664; x_wconf 87' lang='lat' dir='ltr'>cujus</span> <span class='ocrx_word' id='word_1_97' title='bbox 1251 2576 1439 2666; x_wconf 86' lang='lat' dir='ltr'>participes</span> <span class='ocrx_word' id='word_1_98' title='bbox 1511 2627 1513 2632; x_wconf 82' lang='lat'>.</span> 
     </span>
     <span class='ocr_line' id='line_1_17' title="bbox 468 2690 1440 2782; baseline -0.005 -16"><span class='ocrx_word' id='word_1_99' title='bbox 468 2716 541 2766; x_wconf 91' lang='lat' dir='ltr'>non</span> <span class='ocrx_word' id='word_1_100' title='bbox 565 2714 689 2765; x_wconf 89' lang='lat' dir='ltr'>ornnes</span> <span class='ocrx_word' id='word_1_101' title='bbox 711 2697 835 2781; x_wconf 88' lang='lat' dir='ltr'>erant,</span> <span class='ocrx_word' id='word_1_102' title='bbox 866 2691 931 2762; x_wconf 89' lang='lat' dir='ltr'>sed</span> <span class='ocrx_word' id='word_1_103' title='bbox 951 2692 1045 2782; x_wconf 89' lang='lat' dir='ltr'>quod</span> <span class='ocrx_word' id='word_1_104' title='bbox 1070 2690 1113 2761; x_wconf 93' lang='lat' dir='ltr'>ab</span> <span class='ocrx_word' id='word_1_105' title='bbox 1138 2691 1182 2760; x_wconf 90' lang='lat' dir='ltr'>iis</span> <span class='ocrx_word' id='word_1_106' title='bbox 1205 2691 1289 2761; x_wconf 90' lang='lat' dir='ltr'>solis</span> <span class='ocrx_word' id='word_1_107' title='bbox 1311 2692 1440 2761; x_wconf 86' lang='lat' dir='ltr'>recita·</span> 
     </span>
     <span class='ocr_line' id='line_1_18' title="bbox 467 2808 1440 2902; baseline -0.006 -18"><span class='ocrx_word' id='word_1_108' title='bbox 467 2813 571 2884; x_wconf 84' lang='lat' dir='ltr'>batur</span> <span class='ocrx_word' id='word_1_109' title='bbox 596 2812 657 2902; x_wconf 89' lang='lat' dir='ltr'>qui</span> <span class='ocrx_word' id='word_1_110' title='bbox 672 2809 859 2900; x_wconf 85' lang='lat' dir='ltr'>peritiores</span> <span class='ocrx_word' id='word_1_111' title='bbox 879 2829 957 2878; x_wconf 89' lang='lat' dir='ltr'>esse</span> <span class='ocrx_word' id='word_1_112' title='bbox 977 2808 1200 2897; x_wconf 87' lang='lat' dir='ltr'>viderentur,</span> <span class='ocrx_word' id='word_1_113' title='bbox 1219 2828 1440 2899; x_wconf 85' lang='lat' dir='ltr'>quocumque</span> 
     </span>
     <span class='ocr_line' id='line_1_19' title="bbox 471 2924 1443 3018; baseline -0.005 -19"><span class='ocrx_word' id='word_1_114' title='bbox 471 2930 614 3000; x_wconf 87' lang='lat' dir='ltr'>demum</span> <span class='ocrx_word' id='word_1_115' title='bbox 638 2926 716 2997; x_wconf 93' lang='lat' dir='ltr'>looo</span> <span class='ocrx_word' id='word_1_116' title='bbox 742 2925 1000 3018; x_wconf 84' lang='lat' dir='ltr'>accubuissent.</span> <span class='ocrx_word' id='word_1_117' title='bbox 1032 2924 1271 3017; x_wconf 84' lang='lat' dir='ltr'>Quapropter,</span> <span class='ocrx_word' id='word_1_118' title='bbox 1297 2926 1380 3016; x_wconf 86' lang='lat' dir='ltr'>quia</span> <span class='ocrx_word' id='word_1_119' title='bbox 1406 2925 1443 2994; x_wconf 91' lang='lat' dir='ltr'>id</span> 
     </span>
     <span class='ocr_line' id='line_1_20' title="bbox 473 3025 1539 3132; baseline -0.005 -15"><span class='ocrx_word' id='word_1_120' title='bbox 473 3052 571 3118; x_wconf 81' lang='lat' dir='ltr'>extra</span> <span class='ocrx_word' id='word_1_121' title='bbox 590 3044 753 3114; x_wconf 88' lang='lat' dir='ltr'>ordinem</span> <span class='ocrx_word' id='word_1_122' title='bbox 772 3042 893 3130; x_wconf 89' lang='lat' dir='ltr'>fieret,</span> <span class='ocrx_word' id='word_1_123' title='bbox 922 3063 1038 3132; x_wconf 89' lang='lat' dir='ltr'>neque</span> <span class='ocrx_word' id='word_1_124' title='bbox 1067 3042 1172 3113; x_wconf 91' lang='lat' dir='ltr'>simul</span> <span class='ocrx_word' id='word_1_125' title='bbox 1191 3042 1235 3112; x_wconf 91' lang='lat' dir='ltr'>ab</span> <span class='ocrx_word' id='word_1_126' title='bbox 1255 3043 1442 3131; x_wconf 73' lang='lat' dir='ltr'>omnibuS,</span> <span class='ocrx_word' id='word_1_127' title='bbox 1535 3025 1539 3031; x_wconf 36' lang='lat'>¹</span> 
     </span>
     <span class='ocr_line' id='line_1_21' title="bbox 472 3158 1445 3255; baseline -0.005 -22"><span class='ocrx_word' id='word_1_128' title='bbox 472 3182 589 3255; x_wconf 89' lang='lat' dir='ltr'>noque</span> <span class='ocrx_word' id='word_1_129' title='bbox 611 3159 820 3251; x_wconf 85' lang='lat' dir='ltr'>aproximis</span> <span class='ocrx_word' id='word_1_130' title='bbox 839 3159 1062 3229; x_wconf 86' lang='lat' dir='ltr'>continenter</span> <span class='ocrx_word' id='word_1_131' title='bbox 1085 3177 1126 3228; x_wconf 88' lang='lat' dir='ltr'>ac</span> <span class='ocrx_word' id='word_1_132' title='bbox 1150 3158 1318 3250; x_wconf 87' lang='lat' dir='ltr'>deinceps</span> <span class='ocrx_word' id='word_1_133' title='bbox 1340 3179 1445 3229; x_wconf 88' lang='lat' dir='ltr'>cane-</span> 
     </span>
     <span class='ocr_line' id='line_1_22' title="bbox 473 3275 1442 3370; baseline -0.006 -19"><span class='ocrx_word' id='word_1_134' title='bbox 473 3285 590 3370; x_wconf 89' lang='lat' dir='ltr'>retur,</span> <span class='ocrx_word' id='word_1_135' title='bbox 612 3280 676 3349; x_wconf 89' lang='lat' dir='ltr'>sed</span> <span class='ocrx_word' id='word_1_136' title='bbox 699 3296 922 3369; x_wconf 88' lang='lat' dir='ltr'>quocumque</span> <span class='ocrx_word' id='word_1_137' title='bbox 944 3276 1022 3346; x_wconf 92' lang='lat' dir='ltr'>loco</span> <span class='ocrx_word' id='word_1_138' title='bbox 1044 3275 1134 3346; x_wconf 87' lang='lat' dir='ltr'>sorte</span> <span class='ocrx_word' id='word_1_139' title='bbox 1158 3281 1281 3346; x_wconf 86' lang='lat' dir='ltr'>cantor</span> <span class='ocrx_word' id='word_1_140' title='bbox 1300 3295 1442 3346; x_wconf 89' lang='lat' dir='ltr'>accum-</span> 
     </span>
     <span class='ocr_line' id='line_1_23' title="bbox 473 3386 1441 3485; baseline -0.004 -18"><span class='ocrx_word' id='word_1_141' title='bbox 473 3397 586 3485; x_wconf 90' lang='lat' dir='ltr'>beret,</span> <span class='ocrx_word' id='word_1_142' title='bbox 608 3393 788 3465; x_wconf 87' lang='lat' dir='ltr'>convivale</span> <span class='ocrx_word' id='word_1_143' title='bbox 807 3412 951 3464; x_wconf 90' lang='lat' dir='ltr'>carmen</span> <span class='ocrx_word' id='word_1_144' title='bbox 968 3391 1114 3462; x_wconf 83' lang='lat' dir='ltr'>Soolion</span> <span class='ocrx_word' id='word_1_145' title='bbox 1132 3386 1177 3480; x_wconf 74' lang='lat' dir='ltr'><strong>(h‘.</strong></span> <span class='ocrx_word' id='word_1_146' title='bbox 1196 3413 1227 3462; x_wconf 87' lang='lat' dir='ltr'>e.</span> <span class='ocrx_word' id='word_1_147' title='bbox 1246 3394 1441 3484; x_wconf 79' lang='lat' dir='ltr'>obliquum,</span> 
     </span>
     <span class='ocr_line' id='line_1_24' title="bbox 387 3507 1071 3602; baseline -0.007 -21"><span class='ocrx_word' id='word_1_148' title='bbox 387 3596 393 3602; x_wconf 38' lang='grc'><strong>,</strong></span> <span class='ocrx_word' id='word_1_149' title='bbox 476 3508 698 3598; x_wconf 81' lang='lat' dir='ltr'>tortuosum)</span> <span class='ocrx_word' id='word_1_150' title='bbox 717 3507 928 3600; x_wconf 85' lang='lat' dir='ltr'>appellatum</span> <span class='ocrx_word' id='word_1_151' title='bbox 949 3507 1027 3579; x_wconf 86' lang='lat' dir='ltr'>fuit.</span> <span class='ocrx_word' id='word_1_152' title='bbox 1054 3529 1071 3576; x_wconf 79' lang='lat' dir='ltr'>u</span> 
     </span>
    </p>
   </div>
   <div class='ocr_carea' id='block_1_4' title="bbox 476 3716 1448 4048">
    <p class='ocr_par' dir='ltr' id='par_1_4' title="bbox 476 3716 1448 4048">
     <span class='ocr_line' id='line_1_25' title="bbox 521 3716 1448 3815; baseline 0.003 -29"><span class='ocrx_word' id='word_1_153' title='bbox 521 3728 649 3804; x_wconf 60' lang='grc' dir='ltr'>1η-</span> <span class='ocrx_word' id='word_1_154' title='bbox 670 3717 879 3789; x_wconf 89' lang='lat' dir='ltr'>Plutarchus</span> <span class='ocrx_word' id='word_1_155' title='bbox 906 3716 951 3809; x_wconf 78' lang='lat'>(2)</span> <span class='ocrx_word' id='word_1_156' title='bbox 982 3735 1066 3786; x_wconf 88' lang='lat' dir='ltr'>vero</span> <span class='ocrx_word' id='word_1_157' title='bbox 1100 3737 1170 3807; x_wconf 89' lang='lat' dir='ltr'>quo</span> <span class='ocrx_word' id='word_1_158' title='bbox 1199 3717 1303 3789; x_wconf 89' lang='lat' dir='ltr'>modo</span> <span class='ocrx_word' id='word_1_159' title='bbox 1332 3717 1448 3815; x_wconf 83' lang='lat' dir='ltr'>Graeci</span> 
     </span>
     <span class='ocr_line' id='line_1_26' title="bbox 478 3837 1446 3926; baseline -0.002 -16"><span class='ocrx_word' id='word_1_160' title='bbox 478 3839 635 3910; x_wconf 85' lang='lat' dir='ltr'>carmina</span> <span class='ocrx_word' id='word_1_161' title='bbox 663 3838 857 3909; x_wconf 86' lang='lat' dir='ltr'>convivalia</span> <span class='ocrx_word' id='word_1_162' title='bbox 888 3841 1079 3926; x_wconf 86' lang='lat' dir='ltr'>canerent,</span> <span class='ocrx_word' id='word_1_163' title='bbox 1110 3837 1220 3909; x_wconf 88' lang='lat' dir='ltr'>hocce</span> <span class='ocrx_word' id='word_1_164' title='bbox 1249 3840 1353 3910; x_wconf 89' lang='lat' dir='ltr'>modo</span> <span class='ocrx_word' id='word_1_165' title='bbox 1383 3860 1446 3909; x_wconf 88' lang='lat' dir='ltr'>ex-</span> 
     </span>
     <span class='ocr_line' id='line_1_27' title="bbox 476 3953 1445 4048; baseline 0 -22"><span class='ocrx_word' id='word_1_166' title='bbox 476 3956 600 4046; x_wconf 85' lang='lat' dir='ltr'>ponit:</span> <span class='ocrx_word' id='word_1_167' title='bbox 627 3981 644 4018; x_wconf 87' lang='lat'>«</span> <span class='ocrx_word' id='word_1_168' title='bbox 669 3953 785 4025; x_wconf 88' lang='lat' dir='ltr'>Scolia</span> <span class='ocrx_word' id='word_1_169' title='bbox 807 3955 905 4025; x_wconf 87' lang='lat' dir='ltr'>aiunt</span> <span class='ocrx_word' id='word_1_170' title='bbox 930 3975 1003 4026; x_wconf 91' lang='lat' dir='ltr'>non</span> <span class='ocrx_word' id='word_1_171' title='bbox 1026 3958 1240 4048; x_wconf 79' lang='lat' dir='ltr'>esse&#39;genus&#39;</span> <span class='ocrx_word' id='word_1_172' title='bbox 1259 3955 1445 4027; x_wconf 70' lang='lat' dir='ltr'>cantilenae</span> 
     </span>
    </p>
   </div>
   <div class='ocr_carea' id='block_1_5' title="bbox 413 4191 855 4349">
    <p class='ocr_par' dir='ltr' id='par_1_5' title="bbox 413 4191 855 4349">
     <span class='ocr_line' id='line_1_28' title="bbox 510 4191 844 4258; baseline -0.012 -14"><span class='ocrx_word' id='word_1_173' title='bbox 510 4194 546 4258; x_wconf 79' lang='lat' dir='ltr'>(l)</span> <span class='ocrx_word' id='word_1_174' title='bbox 562 4192 662 4252; x_wconf 69' lang='lat' dir='ltr'>Athen„</span> <span class='ocrx_word' id='word_1_175' title='bbox 676 4191 727 4252; x_wconf 88' lang='lat' dir='ltr'>XV,</span> <span class='ocrx_word' id='word_1_176' title='bbox 741 4194 797 4245; x_wconf 80' lang='lat' dir='ltr'>ool.</span> <span class='ocrx_word' id='word_1_177' title='bbox 814 4194 844 4242; x_wconf 85' lang='lat' dir='ltr'>A.</span> 
     </span>
     <span class='ocr_line' id='line_1_29' title="bbox 413 4282 855 4349; baseline -0.007 -13"><span class='ocrx_word' id='word_1_178' title='bbox 413 4315 414 4319; x_wconf 20' lang='grc' dir='ltr'><strong>κ</strong></span> <span class='ocrx_word' id='word_1_179' title='bbox 510 4286 545 4349; x_wconf 81' lang='lat'>(2)</span> <span class='ocrx_word' id='word_1_180' title='bbox 561 4283 651 4346; x_wconf 85' lang='lat' dir='ltr'>Quaest.</span> <span class='ocrx_word' id='word_1_181' title='bbox 666 4282 776 4344; x_wconf 71' lang='lat' dir='ltr'>corvin,</span> <span class='ocrx_word' id='word_1_182' title='bbox 792 4286 818 4344; x_wconf 92' lang='lat' dir='ltr'>l,</span> <span class='ocrx_word' id='word_1_183' title='bbox 833 4288 855 4334; x_wconf 87' lang='lat'>5.</span> 
     </span>
    </p>
   </div>
   <div class='ocr_carea' id='block_1_6' title="bbox 0 0 1689 5482">
    <p class='ocr_par' dir='ltr' id='par_1_6' title="bbox 0 0 1689 5482">
     <span class='ocr_line' id='line_1_30' title="bbox 0 0 1689 5482; baseline 0 0"><span class='ocrx_word' id='word_1_184' title='bbox 0 0 1689 5482; x_wconf 95' lang='lat' dir='ltr'> </span> 
     </span>
    </p>
   </div>
  </div>
 </body>
</html>
