3324 5482
747 709 923 778 ..77-

345 880 453 965 calor,
472 875 700 946 Herostratus
716 877 873 964 nomine,
890 895 962 945 non
982 873 1086 964 longe
1107 873 1151 943 ab
1169 874 1317 966 AEgypto

342 994 487 1065 horrida
514 996 720 1083 tempestate
741 993 910 1083 jactatus,
941 990 1111 1061 fidissime
1139 992 1317 1082 precando

344 1112 388 1182 ad
408 1110 586 1180 Venerem
608 1108 786 1198 confugit,
809 1109 908 1200 cujus
930 1108 1191 1198 imagunculam
1206 1109 1318 1200 Paphi

345 1230 491 1296 emerat.
512 1225 603 1313 Dea,
629 1224 827 1294 Herostrati
846 1225 1011 1314 precihus
1031 1225 1240 1315 indulgeuS,
1263 1247 1318 1296 re·

343 1347 449 1434 pente
468 1361 595 1412 navem
615 1341 788 1412 viridibus
804 1342 927 1432 myrtis
948 1340 1146 1431 complevit,
1168 1363 1317 1433 quorum

343 1458 552 1528 suavissimo
575 1457 682 1527 odore
703 1462 835 1546 nautae,
864 1458 908 1527 de
934 1457 1045 1527 salute
1065 1459 1315 1548 desperantes,

343 1576 466 1645 refecti
497 1580 591 1645 suut.
628 1573 745 1656 Quum
776 1578 892 1644 autem
920 1573 1070 1644 feliciter
1104 1576 1315 1666 appulisset,

343 1691 570 1762 Herostratus
579 1690 729 1759 Veneris
739 1689 966 1759 simulacrum
976 1689 1318 1782 viridesquemyrtos

342 1810 380 1878 in
410 1809 490 1879 Deae
523 1807 654 1898 templo
686 1808 916 1878 consecravit.
947 1806 1025 1876 Jam
1052 1807 1090 1876 in
1118 1809 1317 1879 convivium

342 1924 636 1996 familiarissimos
652 1925 999 2016 specialissimasque
1013 1923 1107 1994 cives
1122 1926 1313 2015 advocavit,

344 2062 493 2132 quorum
526 2041 674 2133 singulis
711 2062 878 2112 coronam
911 2046 1082 2132 myrteam
1115 2042 1314 2114 donavit.»

343 2158 458 2247 Talis,
494 2164 636 2229 auctore
669 2158 921 2249 Polycharmo,
964 2158 1150 2231 Naucratis
1187 2180 1317 2233 corona

344 2280 441 2363 erat,
471 2297 514 2346 ex
544 2281 657 2367 myrto
691 2277 859 2348 confecta.
895 2276 966 2346 Alii
998 2299 1076 2349 eam
1110 2301 1154 2349 ex
1185 2301 1316 2371 papyro

342 2391 469 2462 factam
501 2413 579 2462 esse
612 2394 802 2481 dixerunt,
841 2394 1085 2484 ineptissime,
1115 2400 1155 2465 ut
1191 2398 1318 2466 asserit

345 2510 565 2579 Athenaeus:
601 2535 617 2576 u
641 2511 715 2600 Ego
737 2510 856 2594 enim,
884 2509 954 2598 ait,
983 2530 1057 2580 non
1079 2510 1180 2581 facile
1209 2512 1316 2581 intel·

345 2625 492 2698 lexerim
512 2648 617 2719 quam
635 2627 691 2697 vel
709 2627 896 2698 utilitatem
917 2627 1070 2719 prebeat
1089 2627 1145 2697 vel
1165 2627 1316 2710 delecta-

346 2744 478 2814 tionem
506 2765 658 2835 papyrus
683 2764 763 2814 cum
789 2743 901 2832 rosis,
926 2743 997 2812 nisi
1023 2744 1083 2835 qui
1106 2743 1167 2815 tali
1186 2765 1316 2817 corona

347 2864 508 2949 utantur,
529 2881 627 2931 rosas
652 2861 758 2931 simul
781 2881 862 2931 cum
884 2858 964 2930 allio
989 2866 1144 2934 nectant.
1170 2887 1186 2928 ν

388 2975 486 3046 Inter
519 2985 674 3063 συμποτικὰ
706 2977 814 3048 scolia
846 2978 1002 3067 primum
1032 2979 1119 3049 mihi
1154 2980 1317 3072 ponenda

346 3092 509 3164 videntur
527 3093 600 3162 haec
620 3093 821 3164 Archilochi
844 3092 1051 3184 fragmenta.

382 3349 422 3404 c,
433 3341 531 3419 c.)·-
545 3334 659 3398 notato
674 3334 705 3396 δὲ
718 3337 803 3401 πίνων
816 3338 863 3401 καὶ
879 3338 1052 3422 χαλίκρητον
1069 3340 1136 3419 μέθυ

543 3439 582 3507 ὧν
599 3442 755 3533 οὔτειτῖρον
773 3445 951 3528 εἰσένεγκας,
967 3447 1030 3510 οὔτε
1044 3448 1099 3527 μὴν

542 3551 660 3632 κληθεὶς
677 3553 812 3632 ἐσῆλθες,
828 3548 875 3616 οἷα
889 3555 924 3634 δὴ
938 3555 1019 3637 phoa
1035 3577 1042 3594 ·
1058 3555 1139 3620 ἀλλά
1155 3579 1185 3622 σε

545 3661 655 3743 γαστὴρ
667 3663 728 3724 νόον
742 3683 774 3724 τε
787 3661 835 3725 καὶ
849 3663 950 3745 ρρένας
963 3665 1128 3746 παρήγαγεν

545 3763 585 3840 εἰς
603 3765 726 3848 ἀναιδίαν
741 3771 795 3852 (1).

542 3975 663 4034 Multum
676 3984 813 4051 praeterea
827 3976 927 4037 bibens
938 3977 1043 4037 maraci
1056 3978 1129 4052 vini,

541 4087 635 4150 neque
649 4077 808 4151 symbolum
824 4077 940 4151 dedisti,
955 4095 1048 4153 neque

385 4308 419 4375 (l)
438 4310 534 4373 aaran,
548 4312 573 4372 1,
588 4311 612 4363 ν.
626 4312 652 4365 ν.
