3324 5482
745 704 924 777 ..43-

378 889 473 960 n.)-
492 877 561 941 Ὑπο
575 877 655 941 παντὶ
669 876 742 959 λίθῳ
757 873 1032 961 ονορπίος,ὦ’τοῖρ’,
1049 877 1210 941 ὑποδύεται·

404 1047 407 1052 .
482 988 593 1071 φράζευ,
606 988 644 1067 μή
660 1006 691 1047 οε
700 983 775 1070 &clip
786 990 843 1068 md
853 984 877 1047 δ’
889 985 987 1070 ἀφανεῖ
995 990 1051 1061 πᾶς
1061 987 1157 1049 ἕπεται
1167 986 1267 1072 δόλος(
1289 986 1311 1071 ).

414 1193 472 1251 Sub
485 1194 611 1267 quemvis
624 1193 747 1267 lapidem
759 1192 896 1266 scorpius,
911 1211 927 1251 o
941 1194 1060 1263 sodalis,
1074 1192 1216 1268 subrepit,

413 1309 478 1350 cave
492 1309 528 1350 ne
543 1297 571 1350 te
586 1292 688 1350 feriat:
703 1292 734 1348 in
747 1290 867 1350 obscuro
882 1293 960 1350 fraus
974 1292 1066 1351 omnis
1080 1295 1155 1353 latet.
1328 1283 1330 1290 ’

387 1501 476 1570 Fere
496 1500 592 1571 idem
615 1498 766 1571 Praxilla
785 1501 824 1571 in
843 1499 975 1592 scolio,
1001 1501 1045 1573 ab
1067 1500 1313 1592 Aristophanis

343 1615 536 1690 Scholiasta
559 1616 794 1710 (attenuato,
820 1618 975 1689 cecinit:

413 1861 471 1920 Sub
485 1861 583 1935 quouis
597 1859 690 1936 lapide
704 1860 863 1933 scorpium,
879 1877 896 1918 o
911 1859 1035 1930 sodalis,
1051 1877 1124 1919 care.

410 2032 461 2095 tra
475 2031 557 2095 παντὶ
571 2030 644 2114 λίθῳ
659 2032 804 2117 σκορπίον,
820 2027 952 2116 ὤ’ταῖρε,
968 2031 1105 2115 φυλάσσεο
1122 2031 1176 2115 (3).

384 2279 437 2350 rr.)
450 2308 495 2321 -
508 2268 599 2340 Illud
617 2270 770 2361 denique
791 2278 942 2342 ἀδέσποτον
957 2270 1092 2343 scolion
1109 2268 1308 2355 afferemus,

342 2386 439 2476 cujus
467 2389 589 2474 auctor
617 2385 817 2457 existimare
847 2387 986 2458 videtur
1007 2408 1130 2459 verum
1158 2385 1310 2457 amicum

343 2504 573 2576 rorissimam
593 2523 694 2574 ocem
715 2523 819 2574 esse:
887 2572 892 2579 .

411 2719 507 2793 Ὅστις
522 2716 609 2802 ἄνδρα
622 2718 701 2800 φίλον
716 2719 756 2799 μὴ
770 2718 950 2802 προδίδωσιν,
968 2719 1098 2800 μεγάλην
1112 2719 1172 2801 ἔχει

410 2825 491 2906 τιμὰν
509 2825 538 2888 ἔν
553 2847 584 2888 τε
598 2825 706 2909 ὀροτοῖς
720 2826 749 2888 ἕν
763 2847 794 2889 τε
809 2829 925 2908 θεοῖσιν,
948 2826 1016 2890 κατ’
1032 2827 1098 2908 ἐμὸν
1111 2829 1173 2890 νόον
1189 2828 1242 2913 (4).

413 3032 467 3101 Qui
480 3033 574 3090 virum
588 3032 711 3090 amicum
725 3049 782 3092 non
795 3037 906 3110 prodit,
923 3052 1059 3108 magnum
1071 3035 1157 3092 habet

411 3133 535 3207 pretium
550 3140 578 3191 et
601 3133 676 3208 apud
695 3136 847 3208 mortales,
871 3142 899 3196 et
915 3136 991 3211 apud
1008 3136 1098 3206 Deos,
1119 3151 1182 3190 mea
1198 3132 1313 3207 quidem

1150 3230 1309 3306 [sententia.

384 3427 465 3500 Non
482 3428 598 3521 quivis
615 3430 758 3522 ignotus
776 3437 901 3523 poeta,
927 3436 1087 3502 veterum
1106 3429 1311 3522 Sapientum

315 3554 319 3560 “
342 3543 433 3615 diota
449 3544 619 3636 imitatus,
640 3548 749 3620 scolia
767 3556 890 3640 οιωφελῆ
908 3549 1069 3640 scripsit:
1088 3546 1312 3619 celeberrimi

343 3680 479 3753 quoque
530 3668 692 3738 auctores
725 3667 925 3738 istiusmodi
960 3665 1117 3736 carmina
1166 3682 1311 3753 compo·

343 3795 472 3850 suere..

374 4026 410 4091 (t)
428 4027 528 4088 Athen„
541 4026 592 4087 XV,
606 4028 664 4079 oct.
676 4026 706 4077 Ι).

374 4121 408 4186 (t)
427 4121 507 4172 schol.
520 4118 643 4183 aristoph.
660 4118 813 4183 Thesmopt„
831 4122 887 4173 528.

375 4212 410 4278 (3)
429 4213 467 4264 ct
483 4212 570 4263 AElian.
585 4213 615 4262 ll.
633 4214 672 4274 A..
686 4213 735 4274 XV,
751 4214 791 4264 26.

375 4304 408 4371 (ll
429 4307 528 4368 Athen„
545 4305 595 4369 XV,
610 4307 667 4358 695.
681 4306 711 4356 F.
