3324 5482
741 681 920 754 ...70-

422 853 532 938 Πέτρας
547 851 594 917 καὶ
607 851 709 926 πολιᾶς
722 851 865 927 θαλάσσας
879 853 975 918 τέκνον
980 901 1193 924 .......

371 956 375 964 ’
498 963 532 1026 ἐκ
544 961 676 1024 λεπάδων
688 961 815 1042 >retrocco
828 962 929 1046 φρένας
944 963 1221 1045 sociaetatem
1238 968 1292 1055 (1)..
1321 1009 1323 1013 ⁷

387 1178 469 1249 Haec
493 1176 598 1247 Aloeei
625 1175 753 1263 verba,
777 1181 817 1245 ut
841 1178 889 1247 ait
916 1177 968 1247 Is.>
990 1177 1217 1252 Gasaubonus
1246 1183 1313 1274 (2),

342 1299 391 1367 ite
411 1296 542 1386 scripte
560 1293 741 1364 fatendum
768 1299 822 1362 est
846 1294 982 1366 nullum
1006 1316 1149 1368 sensum
1169 1300 1311 1371 habere.

343 1414 444 1505 Legit
462 1413 569 1503 igitur
587 1409 812 1480 doctissimus
832 1411 887 1479 vir
905 1434 912 1479 :

423 1623 455 1684 ἐκ
469 1619 585 1683 iconion
600 1619 627 1680 δ’
639 1617 717 1680 ἰαίνοι
730 1639 761 1680 σε
775 1617 874 1705 φρένας
890 1617 907 1678 ἁ
923 1619 1064 1683 θαλασσία
1077 1621 1176 1697 λεπάς.
1246 1692 1247 1695 ¹

423 1800 538 1860 Aluctu
550 1792 660 1858 recreet
675 1806 753 1856 tuam
768 1807 894 1857 mentem
910 1800 1019 1858 marina
1032 1800 1124 1874 lopas.-

389 2027 493 2116 Optat
510 2030 635 2117 poete,
662 2026 693 2096 si
717 2025 925 2097 Caseuhono
951 2026 1148 2116 credimus,
1169 2030 1208 2096 ut
1228 2029 1317 2096 orni·

346 2144 424 2215 cula
444 2142 569 2233 lepede
598 2143 734 2213 marine
759 2145 917 2213 animum
940 2142 1112 2231 oblectet,
1140 2148 1178 2214 ut
1204 2143 1326 2213 solent*

345 2261 448 2353 pueri
478 2260 604 2330 fistula.
639 2259 737 2329 Inter
768 2259 1025 2330 oblectamenta
1047 2261 1242 2350 Juventutis
1269 2261 1317 2353 (3)

344 2379 488 2449 suerunt
498 2381 532 2447 et
542 2375 805 2466 conchyliorum
818 2398 948 2468 genera
958 2377 1127 2467 quedam,
1138 2398 1180 2446 ex
1190 2376 1318 2468 quihus

295 2557 301 2564 .
344 2496 442 2565 veria
465 2493 533 2564 sihi
552 2494 689 2563 ludicra
713 2493 959 2564 conficiebant.
974 2531 1018 2545 —
1036 2493 1180 2583 Legitur
1201 2498 1317 2564 autem

346 2613 390 2682 ad
411 2611 507 2680 hunc
527 2610 645 2679 locum
670 2610 742 2678 hoec
765 2609 837 2680 Jac.
859 2607 1103 2698 Delech'ampii
1126 2614 1208 2680 note
1227 2630 1319 2680 mer·

347 2729 472 2821 ginalis
497 2726 568 2817 (li):
599 2752 615 2792 n
638 2725 743 2797 Jocus
767 2748 811 2796 ex
831 2726 996 2817 ambiguo
1020 2726 1154 2816 lepadis
1180 2727 1317 2818 signifi·

347 2851 425 2916 catu
444 2867 451 2914 :
470 2845 517 2914 In·
527 2844 669 2934 patinis.
691 2868 708 2911 n
730 2843 917 2936 sicigitur
928 2843 1034 2913 Alcaei
1050 2864 1191 2914 versum
1210 2844 1318 2915 latine

346 2963 451 3034 vertit
480 2959 783 3049 Dalcchempius:
816 2986 833 3024 «
864 2961 906 3029 In
933 2960 1137 3050 lepadibuS‚
1161 2962 1196 3031 h.
1222 2983 1254 3031 e.
1280 2962 1319 3031 in

346 3079 497 3172 patinis,
524 3077 682 3148 animum
704 3097 867 3167 recreeS,
893 3099 914 3147 o
938 3078 1076 3148 marina
1094 3077 1202 3168 lepos.
1232 3106 1249 3143 »

392 3198 430 3267 Si
456 3201 536 3289 post
564 3196 787 3267 doctissimos
816 3197 910 3292 viros
939 3196 1027 3265 mihi
1054 3195 1136 3264 licet
1165 3197 1318 3286 ingenue

231 3320 232 3324 ’
349 3315 434 3407 quid
452 3314 603 3385 sentiam
622 3313 758 3403 dicere,
783 3312 932 3383 multum
954 3312 1005 3381 illi
1027 3313 1242 3384 sudaverunt
1259 3319 1318 3403 ut,

350 3432 442 3522 quod
460 3428 610 3520 intelligi
633 3429 778 3521 nequit,
801 3429 1050 3520 intelligerent.

393 3545 477 3615 Sine
501 3545 608 3615 dubio
629 3545 793 3617 omnibus
811 3544 867 3617 his
886 3548 925 3616 in
942 3545 1103 3638 reliquiis
1119 3546 1223 3638 plene
1239 3567 1319 3618 sese

350 3667 500 3734 ostentat
520 3666 639 3752 potor,
667 3662 798 3733 Bacchi
818 3663 990 3751 famulus,
1019 3663 1222 3734 occasiones
1248 3685 1317 3734 un-

350 3781 455 3871 dique
475 3779 669 3870 arripiens,
687 3784 726 3848 ut
742 3779 897 3870 seipsum
912 3780 1114 3871 amicosque
1132 3781 1175 3851 ed
1193 3779 1317 3850 biben-

383 4025 417 4090 (r)
436 4025 700 4085 ninen.‚111‚ss.r.
814 4016 815 4019 ’

383 4119 416 4183 (2)
438 4118 567 4168 Animadv.
581 4117 608 4166 in
621 4116 718 4178 Athen„
734 4117 780 4177 111,
798 4120 822 4168 9.

383 4212 418 4274 (3)
437 4210 536 4270 Athen,
550 4211 597 4261 loc.
612 4209 657 4268 cit.¹

291 4307 292 4310 ’
385 4304 419 4368 (i)
437 4303 486 4365 in,
502 4302 563 4355 ibid.
