3324 5482
645 714 820 786 ..61-

242 885 436 958 illiusmodi
458 887 661 957 cantionum
681 893 862 976 auctores,
881 886 1066 956 invocabat
1078 885 1212 955 Aristo·

208 1074 213 1079 .
240 1004 376 1095 phanes
396 1005 435 1073 in
460 1003 739 1092 Doetuloustbus‚
759 1005 796 1074 id
819 1009 872 1074 est
897 1004 1213 1076 convivantibus?

241 1120 394 1192 Alcaeum
419 1142 547 1212 nempe
571 1127 605 1191 et
635 1121 907 1192 Anacreontem.
934 1147 950 1186 ι
979 1120 1073 1190 Cane
1101 1120 1211 1208 mihi,

240 1237 355 1328 iuquit
387 1258 539 1326 persona
569 1239 725 1328 quaedam
750 1236 812 1328 (ί),
843 1237 976 1307 scolion
1010 1236 1210 1327 quoddam,

240 1350 393 1442 seligens
415 1373 459 1422 ex
478 1351 584 1446 Alcaei
607 1353 824 1423 carminibus
848 1360 906 1424 aut
921 1353 1166 1423 Anacreontis.
1192 1381 1209 1418 ν

285 1467 451 1550 Quamvis
472 1475 589 1539 autem
609 1470 812 1540 adversetur
835 1470 991 1562 Ilgenius
1008 1470 1064 1562 (2),
1086 1477 1212 1560 παροίνια

241 1590 351 1673 ᾅσματα
375 1586 469 1655 inter
490 1585 598 1657 scolia
618 1607 806 1658 numerare
826 1608 899 1658 uon
920 1588 1060 1676 dubit0;
1087 1587 1213 1678 saepius

242 1702 338 1771 enim
358 1701 454 1773 inter
473 1703 595 1795 epulas
618 1705 763 1794 vinum,
787 1708 847 1774 aut
870 1723 934 1796 ego
958 1703 1080 1794 fallor,
1106 1724 1212 1794 quam

241 1817 395 1889 Deorum
419 1820 639 1913 heroumque
662 1822 804 1911 laudes,
826 1825 885 1891 aut
904 1828 1053 1910 οιωφελεῖς
1069 1825 1213 1892 senten·

241 1937 307 2006 tias
320 1938 702 2008 convivaececinerunt.
719 1936 889 2008 Ceterum
901 1957 1020 2008 noune
1033 1936 1159 2008 Suidas
1170 1935 1211 2029 (3)

241 2062 352 2126 oraru
368 2064 507 2146 παροίνιον
526 2063 601 2144 ᾠδὴν
621 2053 804 2145 appellati
832 2054 959 2126 Nonne
989 2054 1210 2147 Hesychius,

240 2170 347 2240 verbo
358 2179 470 2258 σκολιὰ,
486 2171 552 2240 aii:
569 2202 581 2236 ι
601 2179 651 2258 τὴν
665 2178 803 2260 παροίνιον
819 2179 893 2260 ᾠδὴν
908 2180 996 2253 οὕτως
1012 2178 1150 2260 ἔλεγον...
1166 2203 1179 2238 ν
1197 2182 1212 2243 ‘l

240 2282 366 2357 Nonne
390 2287 636 2378 Aristophanis
660 2286 876 2377 Scholiasta,
908 2287 947 2358 in
974 2287 1070 2378 Vesp.
1096 2286 1208 2376 1222,

241 2411 341 2474 σκολιὰ
369 2413 561 2496 «παροινίους
585 2413 660 2493 ᾠδὰς
684 2439 720 2494 ν,
748 2410 783 2475 el
808 2405 900 2475 infra
925 2404 1210 2496 (ibid.‚1239),

244 2553 257 2588 α
275 2529 403 2614 παροίνια
417 2530 492 2609 μέλη
511 2555 524 2589 ν
540 2520 887 2591 vocatu-Profecto
905 2518 1030 2591 Pollux
1044 2520 1132 2590 dixit
1147 2520 1209 2612 (ί);

244 2670 256 2706 u
280 2647 329 2712 uui
343 2647 469 2730 παροίνια
483 2646 515 2707 u
531 2644 643 2725 ᾄσματα
655 2651 703 2726 ῆν,
717 2644 764 2707 καὶ
779 2644 891 2726 σκολιὰ,
911 2670 924 2705 ν
942 2642 977 2707 et
990 2635 1136 2707 Proclus
1147 2636 1188 2728 (5)
1202 2660 1209 2706 :

244 2778 257 2814 u
278 2755 310 2818 rb
334 2755 365 2816 δὲ
392 2754 504 2816 σκολιὸν
534 2754 623 2833 μέλος
647 2752 729 2832 ἥδετο
756 2752 820 2836 περὶ
847 2753 911 2828 τοὺς
937 2756 1038 2828 πότους
1062 2776 1069 2792 ·
1096 2753 1137 2815 διὸ
1166 2753 1213 2816 οιαὶ

239 2872 376 2955 παροίνιον
391 2870 455 2934 αὐτὸ
469 2871 529 2934 ἐσθ’
544 2873 592 2934 ὅτε
607 2872 749 2934 καλοῦσιν.
770 2897 782 2931 ν
796 2901 839 2918 -
855 2861 948 2946 Quid
962 2869 1084 2955 postea
1098 2864 1115 2932 ‘l
1131 2862 1211 2934 Non

239 2979 287 3049 ita
320 2979 429 3049 scolia
455 2985 490 3050 et
510 2988 639 3069 παροίνια
655 2986 766 3066 ᾄσματα
792 2980 887 3050 inter
916 2978 1146 3051 sedifferunt
1174 2982 1214 3048 ut
1276 3017 1278 3022 ·

241 3115 258 3162 ι
282 3095 437 3185 pessime
463 3115 607 3186 agamus
631 3119 646 3161 ν
676 3096 727 3183 si,
758 3096 846 3164 duce
868 3096 912 3165 de
936 3094 970 3166 la
994 3096 1112 3183 Nauze
1139 3095 1210 3187 (6),

202 3306 206 3312 ⁵
238 3211 344 3284 Alcaei
354 3217 389 3283 et
399 3213 632 3285 Anacreontis
644 3220 770 3304 παροίνια
780 3212 977 3303 fragmenta
992 3212 1086 3283 inter
1104 3211 1212 3284 scolia

239 3328 445 3401 referamus.

272 3594 305 3659 (l)
321 3592 421 3654 Athen..
434 3592 484 3654 XV,
498 3594 556 3647 ott.
573 3594 614 3645 A:

249 3799 251 3803 ι
298 3712 383 3776 'Aaou
396 3713 431 3792 δή
446 3733 492 3792 μοι
505 3712 617 3776 οαολιίν
630 3732 656 3775 τι
670 3710 766 3774 hutho
786 3710 920 3773 Ἀλκαίου
934 3709 1148 3793 αήνανιρέοντος.

272 3854 308 3922 (2)
324 3856 411 3920 llgeu„
426 3870 451 3920 p.
466 3871 543 3908 exau.

272 3955 308 4021 (3)
324 3931 442 4018 8υἰά,ὐ.
461 3949 581 4012 σκολιὸν.

271 4054 305 4120 (l)
321 4055 422 4117 Pollux,
439 4058 486 4120 VI,
501 4061 561 4111 tua.

272 4145 306 4210 (5)
323 4149 433 4211 Proclus‚
450 4151 476 4200 iu
491 4151 625 4203 chrestum.
640 4159 776 4216 psammut.

276 4240 307 4302 (6)
328 4241 400 4295 Mun.
421 4248 450 4294 de
469 4242 613 4296 l’Acodtmie
634 4245 675 4296 des
691 4245 853 4310 Inscriptious
870 4254 894 4318 at
908 4243 1109 4309 Bellus-Leucas,
1126 4249 1143 4295 t
1158 4244 1208 4304 lx,

239 4343 264 4396 p·
282 4336 329 4386 δίο
343 4342 367 4386 et
380 4349 431 4399 seq.
