3324 5482
755 695 932 764 ..97-

463 865 598 920 Amorem
614 863 692 920 sedat
706 864 815 935 fames3
832 864 877 921 sin
892 866 1002 937 minus,
1018 871 1129 941 tempus
1142 885 1150 935 ς

463 964 539 1037 quod
554 963 578 1021 si
590 963 647 1020 illis
663 963 776 1021 utinen
792 964 1042 1038 pessis,.laqueus.

400 1151 481 1222 Non
513 1132 818 1242 obliviscendum,
854 1173 935 1224 mea
963 1152 1105 1244 quidem
1134 1153 1330 1241 sententia,
1413 1132 1416 1137 ⁸

356 1267 424 1338 hoc
443 1267 697 1340 facetissimum
718 1268 929 1340 Archssochi.
940 1269 1200 1363 fragmentum:

389 1485 448 1553 1).)
465 1512 500 1528 -
518 1475 559 1538 Οὐ
572 1475 661 1558 φιλέω
676 1478 765 1557 μέγαν
779 1475 953 1560 στρατηγὸν,
971 1475 1034 1537 οὐδὲ
1049 1476 1303 1558 διαπεπλιγμένον,

513 1582 576 1645 οὐδὲ
593 1584 763 1667 ὄασπμύχαισι
777 1588 896 1668 γαῦρον,
912 1583 974 1646 ota’
984 1581 1200 1667 ὑπεξυρημένον.

514 1689 595 1752 ἀλλὰ
609 1712 655 1769 μοι
670 1694 768 1774 μικρός
781 1713 824 1766 τις
838 1691 897 1773 εἴη,
913 1690 962 1753 καὶ
975 1691 1038 1774 περὶ
1052 1695 1163 1771 κνήμας
1179 1691 1245 1755 ἰδεῖν

513 1798 622 1881 perata,
639 1799 789 1882 ἀσφαλέως
804 1799 1043 1879 impacatum,
1059 1778 1176 1883 καρδίας
1189 1800 1287 1873 πλέως

510 1905 558 1967 καὶ
573 1906 848 1987 retractaremus
865 1906 918 1990 (l).

350 2099 412 2160 Nou
428 2119 492 2160 amu
511 2119 651 2174 magnum·
666 2105 778 2176 ducem,
796 2122 849 2162 nec
865 2102 1028 2162 saltantium
1042 2122 1122 2162 more
1140 2105 1327 2176 incedentem,

350 2216 403 2257 nec
416 2201 551 2261 cincinnis
566 2201 777 2275 superbientem
787 2244 801 2275 ,.
810 2220 903 2277 neque
917 2202 1060 2259 abrasum.

351 2299 406 2356 Sed
419 2301 489 2357 mihi
509 2318 611 2374 parvus
629 2303 677 2358 ille
691 2303 746 2373 sit,
764 2303 951 2376 cruribusque
965 2318 1023 2358 non
1041 2302 1112 2358 nihil

348 2397 517 2469 incurvatis,
532 2401 651 2456 firmiter
664 2402 773 2458 insistat
791 2402 920 2475 pedihus,
938 2401 1023 2458 animi
1041 2402 1163 2473 plenus,

349 2497 527 2573 consiliisque
539 2498 694 2556 abundans.

769 2817 787 2907 μ
809 2817 902 2887 xiv.

579 3067 711 3113 HYBRIAE
732 3066 911 3114 CRETENSIS
932 3065 1079 3114 SCOLION.

301 3346 304 3354 ·
389 3300 442 3370 Ex
457 3299 622 3370 omnibus
634 3299 831 3388 cantilenis,
847 3319 933 3391 quas
946 3299 1098 3370 servavit
1111 3298 1316 3385 Athenaeus,

344 3417 497 3487 maxime
524 3418 679 3488 notanda
705 3422 758 3488 est
783 3429 862 3508 quae
894 3415 1039 3508 Hybriae
1064 3414 1226 3487 Cretensi
1250 3413 1317 3484 tri·

343 3531 474 3602 buitur.
502 3532 615 3616 Quam
648 3539 767 3605 tamen
801 3534 1009 3624 Athenaeus,
1029 3533 1166 3604 dubitat
1197 3537 1324 3603 utrum.

342 3648 437 3719 inter
455 3649 563 3721 seclia
581 3671 700 3722 annon
717 3652 793 3742 ipse
817 3650 997 3740 positurus
1024 3649 1082 3737 sit,
1109 3646 1314 3737 scalionque

343 3765 388 3836 cb
408 3787 486 3838 eam
504 3767 725 3840 solummodo
747 3787 896 3842 causam.
912 3770 1013 3835 vocet
1036 3765 1131 3856 qnod
1154 3763 1316 3834 nonnulli

340 3881 437 3954 illam
461 3905 503 3957 eu
527 3886 671 3957 nomine
693 3884 912 3976 appellavere
938 3881 996 3973 (2).

376 4119 411 4184 (t)
429 4120 524 4182 Galen..
538 4128 557 4172 t.
571 4121 596 4182 V,
614 4124 673 4183 618,
686 4121 829 4174 tut-Dio
843 4122 939 4187 Chrys,
956 4135 981 4186 p.
996 4122 1087 4173 titt-
1098 4115 1178 4186 Scirol.
1192 4116 1313 4171 Theocrit.

345 4211 382 4265 au
391 4213 479 4277 myri,
494 4214 543 4277 ιν,
557 4218 598 4269 ιν.

377 4306 420 4374 (2)-
431 4308 531 4370 Athen..
542 4310 589 4371 XV,
609 4312 665 4363 695.
680 4312 709 4364 F·
