3324 5482
607 678 783 747 ...51-

209 849 364 942 ligonius
379 852 475 919 notai
494 848 541 940 (ί)
560 871 577 918 ι
598 851 743 940 paeanis
763 853 1010 941 argumentum
1027 855 1086 922 aut
1099 837 1189 942 pre·¹

210 966 309 1038 cibus
331 967 513 1037 constabat
532 988 596 1057 pro
617 967 805 1037 avertenda
825 967 941 1058 aliqua
960 969 1176 1059 calamitate,

211 1104 437 1175 quaecumque
457 1088 550 1172 erat,
572 1089 631 1154 aut
649 1084 769 1175 gratiis
788 1085 934 1175 agendis
949 1107 1012 1176 pro
1029 1087 1180 1176 praestito

210 1202 248 1269 in
270 1222 309 1271 re
330 1201 427 1291 gravi
449 1207 484 1270 et
502 1201 611 1271 ardua
635 1200 784 1289 auxilio,
806 1207 864 1271 aut
885 1202 1042 1292 propitiae
1056 1202 1182 1272 volun-

188 1348 190 1352 >
210 1319 290 1389 tatis
302 1318 562 1409 imploratione.
579 1341 597 1388 υ
613 1318 681 1389 Eas
697 1319 913 1389 certissimas
925 1324 1038 1408 notas,
1053 1320 1181 1411 quibus

211 1455 323 1526 paean
344 1436 528 1526 areliqnis
555 1435 757 1506 cantionum
778 1437 968 1528 generibus
991 1442 1106 1527 potest
1128 1438 1183 1507 di-

215 1552 352 1641 gnosci,
373 1557 412 1622 ut
433 1552 472 1622 in
494 1552 715 1641 Aristotelis,
739 1553 788 1623 ita
808 1553 847 1621 in
868 1553 1081 1644 Ariphronis
1105 1574 1184 1626 oar-

215 1669 309 1739 mine
330 1669 477 1740 minime
497 1671 710 1741 invenimus.
1105 1692 1107 1698 ·

260 1784 346 1867 Quis
370 1792 487 1856 autem
510 1787 618 1857 suerit
644 1787 811 1858 carminis
834 1787 939 1878 hujus
963 1792 1105 1878 auctor,
1127 1792 1187 1859 aut

216 1923 284 1993 quo
306 1908 464 1993 tempore
488 1904 637 1993 vixerit,
659 1905 833 1974 incertum
860 1908 925 1975 est.
953 1904 1119 1975 Attamen
1145 1921 1189 1974 ex

217 2019 361 2090 Maximi
380 2020 477 2111 Tyrii
499 2022 617 2091 verbis
644 2021 693 2112 (θ)
718 2021 957 2112 Ariphronem
991 2021 1188 2092 vetustissi-

217 2156 313 2207 mum
328 2143 469 2228 poetam
483 2137 591 2208 fuisse
608 2137 838 2228 intelligimus
851 2159 860 2227 3
878 2138 1126 2230 Luciannsque
1141 2136 1189 2230 (3)

218 2274 362 2326 carmen
387 2256 437 2327 ita
458 2255 577 2327 laudat
601 2279 608 2322 :
637 2281 653 2319 u
679 2255 944 2327 sententiosum
965 2254 1053 2327 illud
1073 2261 1107 2326 et
1125 2275 1190 2345 per

128 2459 132 2466 Ι
218 2394 279 2445 ora
305 2373 484 2464 omnium,
520 2399 535 2438 υ
578 2407 589 2438 ι
623 2385 838 2464 γνωμικώτατον
862 2381 953 2444 ἐκεῖνο
981 2379 1028 2444 καί
1054 2383 1120 2442 πᾶσι
1146 2377 1191 2440 διὰ

218 2492 363 2571 οτίματος.
391 2516 403 2548 υ

225 2741 351 2823 Ὑγίεια,
374 2741 522 2825 πρεοόίοτα
540 2742 692 2824 μακάρων,
714 2740 784 2819 μετὰ
798 2743 845 2801 οεθ
867 2738 968 2819 ναίοιμι
982 2737 1014 2802 τδ
1027 2738 1191 2820 λειπόμενον

222 2850 335 2930 άιοτάς,
354 2849 385 2911 σθ
399 2849 430 2911 δέ
444 2870 492 2928 μοι
505 2851 633 2932 πρόφρων
648 2849 771 2923 οιίνοικος
785 2847 845 2927 εἴης
863 2873 870 2886 ·

221 2955 244 3018 εί
258 2960 313 3040 γάρ
330 2978 372 3033 τις
390 2958 409 3033 ἢ
425 2957 546 3019 πλοίιτου
562 2959 646 3040 χάρις
661 2959 679 3035 ἢ
697 2939 821 3033 τεκέων,

219 3067 237 3142 ἢ
251 3066 302 3140 τάς
316 3065 488 3145 ἰσοδαίμονος
502 3064 657 3148 ἀνθρώποις
673 3062 833 3144 ὄαοιληίδος
848 3065 957 3147 ἀρχᾶς,

219 3175 360 3255 ἢπάθων,
380 3176 427 3249 οθς
441 3175 562 3258 κρυφίοις
579 3173 741 3257 Ἀφροδίτας
756 3173 865 3256 άρκυοιν
881 3174 1052 3256 θηρεύομεν,

220 3283 239 3360 ἢ
261 3281 350 3357 εἴτις
375 3281 455 3346 ἄλλα
484 3285 578 3346 θεόθεν
604 3282 769 3366 ἀνθρώποισι
799 3283 894 3365 τέρψις
921 3282 939 3358 ἢ
969 3282 1060 3344 πίνων
1083 3279 1194 3360 ἀμπνοὰ

221 3390 291 3468 μετὰ
304 3394 382 3472 σεῖο,
400 3390 518 3474 μάκαιρ’
535 3390 663 3472 Ὑγίεια,
739 3460 741 3465 ,
1021 3391 1193 3473 [πέφανται,

221 3497 324 3561 τέθαλε
337 3501 427 3570 πάντα
444 3497 491 3562 καὶ
512 3498 620 3579 λάμπει
633 3498 761 3582 Χαρίτων
776 3497 828 3581 ἔαρ
843 3521 850 3536 ·

222 3605 299 3668 σέθεν
313 3604 345 3669 δὲ
359 3605 449 3689 χωρὶς
464 3606 538 3683 οίιτις
553 3606 689 3688 εὐδαίμων
704 3605 751 3690 ἔφυ
769 3608 822 3687 (4).

256 3917 289 3981 (I)
309 3916 347 3965 De
360 3912 463 3978 Scottis,
477 3929 503 3980 μ.
518 3931 572 3967 τιν.

255 4017 288 4081 (υ)
309 4016 387 4079 Dua„
402 4017 475 4078 XIII,
490 4021 514 4066 ι.
533 4032 546 4064 ιι
570 4004 666 4081 ᾄδεταί
679 4009 711 4068 τε
726 4000 757 4083 ἐξ
771 4002 888 4087 ἀρχαίου
904 4002 932 4066 ἐν
946 4001 1033 4086 εὐχῆς
1048 4004 1162 4090 μέρει...
1181 4031 1194 4067 ιι

256 4118 289 4180 (θ)
310 4117 363 4168 Pro
374 4117 458 4182 Lapsa
468 4117 534 4168 inter
546 4116 633 4178 salut„
648 4119 674 4168 6.

256 4207 292 4273 (ί)
311 4208 410 4271 Μίνωα,
426 4210 476 4271 XV,
495 4211 553 4262 Ion.
568 4209 599 4261 A.
610 4235 642 4249 -
653 4207 707 4261 vid.
727 4206 880 4268 Inbrinium,
896 4205 1012 4259 Βίάίίοιίι.
1029 4208 1192 4272 Graer.,t.1,

223 4313 249 4366 p.
265 4303 325 4363 57θ,
343 4308 367 4352 et
378 4309 396 4355 t.
412 4303 489 4367 XIII,
503 4318 529 4368 μ.
543 4306 606 4365 ίιθθ;
624 4303 736 4364 Brundi,
754 4302 874 4365 ἀναίτια,
891 4308 907 4356 t.
925 4302 950 4364 Ι,
965 4317 988 4366 μ.
1005 4306 1062 4358 I07.
