3324 5482
851 699 1027 770 ..42-

457 870 599 942 fortium
609 889 706 960 vere,
718 891 826 962 quum
840 874 1053 962 evenissent,
1065 877 1161 944 reete
1175 892 1425 966 componere.»

463 1011 474 1042 υ
493 991 609 1050 συνετῶν
626 986 719 1072 (ἐστὶν)
734 987 850 1072 ἀνδρῶν,
866 988 927 1072 πρὶν
940 991 1068 1071 γενέσθαι
1082 992 1118 1052 τοὶ
1134 990 1265 1073 δυσχερῆ,
1279 997 1430 1073 προνοῆσαι

458 1095 535 1167 ὅπως
558 1097 596 1175 μὴ
619 1097 762 1177 γένητατ·
786 1096 916 1180 ἀνδρείων
941 1097 972 1159 δὲ
996 1100 1132 1178 γενόμενα
1157 1093 1187 1160 εὖ
1212 1101 1307 1163 θέσθαι
1332 1099 1385 1184 (1).
1414 1126 1427 1157 υ

458 1201 630 1272 Eemdem
652 1204 727 1274 fere
753 1205 963 1275 senientiam
990 1206 1083 1296 apud
1102 1207 1286 1277 Horatium
1305 1206 1352 1298 (2)
1376 1207 1430 1276 le-

459 1338 573 1410 gimus
592 1341 601 1388 ε

606 1510 665 1588 Tu,
682 1507 750 1565 dum
763 1512 812 1565 tna
824 1509 902 1566 navis
915 1509 945 1566 in
959 1510 1015 1567 alto
1030 1515 1091 1582 est,

531 1607 590 1665 Hoc
604 1625 656 1681 age
670 1614 828 1671 nemutata
840 1613 997 1668 retrorsum
1011 1616 1039 1668 te
1051 1610 1123 1668 ferat
1142 1626 1218 1668 aura.

493 1819 545 1889 c.)
562 1850 596 1861 -
622 1808 655 1871 ‘0
669 1808 799 1892 καρκίνος
815 1803 928 1890 ὧδ’ἕρα

616 1914 697 1999 χαλᾷ
712 1916 757 1978 τθν
771 1915 830 1998 θριν
845 1914 957 1978 λαθών·
1017 1941 1018 1944 ’

621 2050 633 2082 α
658 2023 744 2087 Eteri
758 2026 814 2108 χρὴ
829 2025 875 2088 τὸν
889 2024 998 2108 ἑταῖρον
1015 2024 1103 2104 ἔμμεν

616 2132 664 2197 καὶ
679 2133 718 2212 μὴ
733 2132 833 2195 σκολιὰ
849 2137 954 2216 φρονεῖν
973 2133 1026 2217 (3).
1053 2161 1069 2192 υ

617 2318 723 2373 Cancer
736 2316 775 2371 ita
789 2315 900 2370 locutus
915 2319 976 2383 est,

616 2429 705 2487 quum
720 2409 807 2467 chelis
820 2415 980 2482 serpentem
995 2410 1210 2482 prehendisset:

620 2531 632 2566 α
654 2512 771 2585 Oportet
785 2508 906 2566 amicum
919 2514 1028 2565 rectum
1043 2526 1121 2579 esse,
1168 2496 1174 2504 ¹

618 2627 675 2668 non
688 2615 783 2667 autem
797 2610 910 2683 obliqua
926 2609 970 2680 (in
983 2607 1093 2682 animo)
1106 2610 1226 2667 volvere.
1238 2627 1263 2663 p

423 2800 427 2807 ’
503 2811 579 2881 Ηοσ
598 2809 751 2896 melion,
772 2814 831 2878 eut
848 2829 912 2899 ege
927 2809 1046 2896 fallor,
1067 2808 1194 2880 fabella
1208 2807 1364 2898 quedam
1380 2811 1434 2876 est

459 2946 539 2996 cum
560 2925 827 3013 affabulatione,
845 2946 915 3017 qne
935 2926 1179 3016 vituperantur
1194 2925 1254 2995 isti
1267 2925 1431 3031 homines

459 3044 537 3134 qui,
570 3043 749 3135 obliquam
778 3045 941 3133 gerentes
971 3047 1146 3132 mentem,
1182 3042 1269 3114 alios
1299 3033 1431 3111 freu'dis

457 3160 665 3233 insimulent
687 3158 745 3249 (4).

491 3404 524 3468 (1)
543 3405 594 3455 Hee
607 3405 632 3454 in
646 3402 738 3454 seelien
752 3400 860 3464 ilgerius
876 3401 910 3466 (p.
925 3403 982 3467 133)
996 3402 1083 3454 Pittaci
1096 3403 1244 3456 sententiam
1256 3400 1368 3464 redegit:
1427 3412 1429 3417 ·

564 3522 566 3525 ⁸
657 3540 774 3598 συνετῶν
789 3536 861 3599 ἐστὶν
876 3537 1000 3618 ανθρῶν,

656 3643 717 3727 πρὶν
732 3645 859 3725 γένεσθαυ
872 3646 908 3705 τὰ
922 3644 1041 3728 δυσχερῆ
1055 3695 1062 3726 ,

658 3751 803 3836 προνοῆσ’,
821 3755 897 3827 ὅπως
911 3754 950 3833 μὴ
964 3755 1099 3835 γένηται·

657 3861 786 3944 ἀνδρείων
801 3861 832 3922 δὲ
844 3863 980 3943 γενόμενα
995 3856 1024 3922 εὖ
1039 3864 1144 3926 θέσθαι.

491 4021 527 4087 (2)
545 4021 620 4084 Epp„
634 4023 657 4083 1,
674 4026 719 4084 18,
735 4026 774 4075 87.
785 4049 816 4062 -
831 4023 868 4075 Cf.
886 4022 975 4084 Plane,
989 4000 1095 4088 Epidio„
1112 4029 1152 4080 tr.

490 4112 523 4175 (θ)
541 4112 611 4173 nih..
623 4115 674 4173 XV,
688 4118 745 4166 695.
758 4116 788 4166 Δ.

490 4208 525 4300 (Δ)
544 4207 583 4256 Cf.
595 4208 686 4272 AEsnp,
703 4210 752 4261 seb.
765 4211 822 4262 205.
833 4211 988 4276 -Aphtom,
1002 4213 1044 4264 Xi.
1055 4239 1084 4253 -
1095 4215 1130 4264 Le
1144 4214 1274 4276 fontaine,
1293 4213 1357 4273 xli,
1375 4213 1405 4262 10
1420 4225 1427 4263 t

457 4302 610 4354 L'Errevisse
626 4312 648 4352 et
665 4317 693 4354 sa
707 4304 777 4355 Fine.
1261 4306 1264 4310 ⁴
