3324 5482
421 1377 476 1437 oui
497 1377 642 1426 ruamur
663 1375 823 1426 PRAECIPUI
845 1372 1030 1424 SCOLIORUM
1051 1360 1271 1424 SCRIPTORES‘?

403 1627 508 1700 Nunc
526 1649 610 1700 vero
635 1631 837 1701 notissimos
857 1627 1046 1703 scoliorum
1066 1617 1256 1720 scriptores
1276 1647 1333 1699 re-

359 1764 580 1818 censeamus.
1096 1807 1098 1811 -

401 1861 440 1933 Si
464 1863 670 1955 gravissimo
694 1863 839 1948 Pindari
865 1885 886 1935 a
913 1864 1103 1935 Plutarcho
1129 1862 1182 1954 (l)
1202 1861 1334 1933 laudati

356 1977 558 2049 testimonio
572 1976 733 2068 fidimus,
756 1980 896 2051 Scolion
919 1999 1063 2052 carmen
1085 1979 1222 2049 invenit
1246 1978 1332 2048 Ter-

351 2095 508 2184 pander.
538 2094 689 2166 Illustris
712 2096 772 2166 ille
800 2103 922 2188 poeta,
944 2099 1023 2189 qui,
1047 2095 1158 2187 lyram
1183 2100 1334 2187 quatuor

356 2208 578 2283 solummodo
606 2212 753 2282 chordas
775 2212 965 2284 habentem
989 2213 1102 2283 tribus
1129 2212 1230 2282 novis
1258 2212 1333 2282 ins·

356 2331 500 2419 truens,
518 2327 679 2400 multum
692 2331 759 2400 arti
782 2331 937 2401 musices
960 2330 1112 2420 addidit,
1138 2329 1332 2420 incipiente

358 2446 509 2535 septimo
536 2451 617 2519 ante
647 2444 826 2518 Christum
854 2453 975 2519 natum
1003 2445 1131 2518 saeculo
1157 2444 1330 2516 florebat:

356 2558 511 2648 palmam
543 2561 667 2652 enim,
706 2568 746 2634 ut
777 2570 899 2636 auctor
934 2569 988 2634 est
1020 2562 1225 2633 Hellanicus
1256 2560 1333 2654 (2),

357 2675 457 2767 tulit,
479 2701 587 2771 quum
611 2680 766 2770 primum
789 2682 1044 2752 Lacedaemone
1074 2679 1220 2751 Carnaea
1244 2679 1335 2750 festa

358 2791 534 2866 celebrata
562 2800 665 2886 sunt,
692 2798 808 2887 primo
841 2796 1058 2888 Olympiadis
1080 2796 1193 2866 XXVI
1223 2817 1329 2866 anno.

355 2901 486 3001 Nobis,
515 2911 625 2983 eheu!
657 2911 746 2980 nihil
774 2912 951 3005 reliquum
979 2918 1033 2982 est
1064 2932 1107 2983 ex
1135 2911 1337 3002 Terpandri¹

354 3025 487 3098 scoliis.
502 3027 541 3098 Si
553 3029 638 3119 quid
650 3034 768 3099 tamen
779 3050 822 3100 ox
834 3030 1028 3101 rarioribus
1038 3029 1332 3120 brevioribusque

352 3136 550 3234 Terpandri
581 3145 761 3235 versibus,
794 3147 855 3238 qui
888 3147 932 3218 ad
965 3167 1031 3217 nos
1070 3149 1331 3237 pervenerunt,

351 3260 550 3350 coniectare
578 3261 704 3352 liceat,
733 3262 939 3354 Terpander
963 3263 1002 3333 in
1030 3263 1148 3333 scoliis
1176 3263 1332 3332 Deorum

349 3369 474 3448 laudes
495 3378 654 3450 canebat.
675 3418 719 3433 -
738 3379 843 3451 Putat
857 3385 975 3452 autem
990 3378 1148 3472 llgenius
1163 3377 1206 3467 (3)
1224 3378 1333 3450 scolia

351 3505 373 3556 a
393 3488 597 3585 Terpandro
620 3517 693 3567 non
714 3497 859 3569 inventa
882 3516 983 3586 esse,
1006 3498 1070 3568 sed
1087 3495 1330 3567 iu'meliorem

350 3607 387 3674 et
407 3611 596 3698 gratiorem
616 3613 765 3686 sormam
787 3614 940 3685 redacta.
964 3635 981 3681 «
1002 3609 1144 3703 Seoliis,
1162 3614 1229 3703 ait,
1249 3633 1329 3704 quae

351 3739 396 3792 ex
415 3743 513 3800 more
534 3729 678 3821 antiquo
703 3750 783 3801 assa
804 3750 890 3801 voce
918 3750 1030 3821 eaque
1052 3751 1176 3822 parum
1198 3730 1326 3802 modu·

311 4011 312 4015 ,
385 3963 422 4029 (t)
439 3968 506 4022 Plut.
527 3971 557 4021 de
577 3968 688 4036 Mutua,
707 3987 733 4038 p.
753 3973 828 4027 utut.
843 3974 882 4026 B:
905 3962 970 4028 ’Έτι
984 3967 1032 4050 δὲ,
1050 3968 1177 4051 καθάπερ
1192 3964 1329 4051 Πίνδαρός

348 4081 430 4146 φησι,
445 4072 500 4133 τῶν
515 4068 635 4133 σκολιῶν
650 4072 745 4152 μελῶν
760 4060 938 4158 Τέρπανδρος
954 4075 1067 4160 εὑρετὴς
1082 4073 1127 4154 ἦν.

380 4170 417 4236 (a)
435 4176 704 4244 npudnmen.,X111,
719 4185 777 4234 aas.
791 4183 819 4235 n.
1232 4178 1236 4183 ’

343 4358 368 4422 u
378 4264 416 4332 (3)
433 4269 521 4338 llssesso
534 4286 559 4340 P·
575 4277 673 4334 imno
687 4301 718 4318 ·-
731 4275 770 4330 Cf·
785 4275 861 4351 Otila
878 4279 981 4348 Miller,
999 4279 1063 4339 Hier.
1079 4281 1108 4336 de
1125 4283 1150 4335 la
1169 4282 1219 4336 litt.
1235 4297 1285 4353 pr„
1301 4288 1320 4336 t.

373 4391 381 4428 2
397 4373 422 4430 P·
437 4367 495 4422 1³3·
