3324 5482
793 1317 906 1367 scotta
927 1304 1092 1382 cupreum.

504 1546 630 1635 Scolia,
656 1567 731 1638 que
758 1546 851 1617 Deos
874 1545 1117 1635 celebrabant,
1144 1567 1219 1638 quae
1241 1546 1287 1617 ad
1314 1567 1432 1618 mores

459 1667 494 1734 et
527 1663 572 1734 ad
610 1662 686 1734 vitae
713 1663 899 1735 utilitatem
930 1664 1160 1754 spectabant,
1187 1684 1331 1754 quaeque
1370 1684 1434 1736 seu

458 1781 639 1853 victoriam
663 1781 828 1873 aliquam,
848 1801 911 1852 seu
934 1782 1112 1873 insignem
1131 1781 1267 1852 cladem
1299 1800 1434 1850 memo·

457 1897 606 1986 rabant,
632 1917 705 1968 non
729 1897 808 1967 solae
830 1898 1011 1968 cantiones
1032 1902 1152 1986 erant,
1181 1916 1256 1987 quae
1284 1895 1370 1965 laetis
1395 1897 1434 1970 iu

459 2014 628 2084 conviviis
657 2013 936 2086 effunderentur.

503 2128 632 2199 Primis
671 2131 815 2221 quidem
856 2130 994 2201 Gracia
1035 2128 1277 2220 temporibus,
1323 2149 1433 2219 quum

458 2244 575 2316 nullus
596 2247 669 2317 lere
689 2248 775 2318 civis
792 2268 927 2337 parcus
945 2246 1104 2317 Deorum
1123 2247 1237 2315 cultor
1259 2247 1291 2314 et
1312 2245 1433 2334 iufra·-

459 2383 569 2452 queres
593 2370 707 2453 esset,
733 2365 885 2434 convivae
908 2363 1072 2434 omnibus
1090 2364 1129 2432 in
1146 2360 1259 2452 epulis
1275 2360 1432 2430 Deorum

457 2477 579 2550 laudes
598 2479 786 2551 canebant.
806 2518 850 2533 —
873 2480 1081 2570 Sapientum
1103 2482 1224 2566 aetate,
1249 2484 1308 2548 aut
1326 2478 1431 2568 paulo

457 2602 537 2686 post
551 2618 675 2668 eorum
689 2603 840 2668 mortem
856 2605 1003 2687 ὀιωφελεῖς
1017 2595 1210 2684 sententiae,
1229 2595 1432 2665 admodum

457 2715 624 2784 carminis
648 2716 916 2786 accommodatae
935 2715 1185 2785 recitabantur.
1203 2751 1247 2766 -
1266 2713 1428 2804 Denique

456 2830 607 2919 publicis
642 2833 680 2900 in
716 2833 814 2902 festis
847 2831 1001 2902 illustres
1040 2831 1205 2920 urbium,
1248 2831 1425 2922 praecipue

456 2945 675 3017 Athenarum
712 2949 806 3019 cives
840 2948 1056 3018 carminibus
1086 2948 1361 3018 honorabantur.
1383 2985 1427 2998 -

456 3049 628 3133 Paulatim
647 3084 750 3153 vero,
769 3070 804 3134 et
817 3046 1011 3155 praesertim
1026 3064 1171 3155 privatis
1186 3065 1225 3133 in
1241 3064 1424 3152 conviviis,

455 3182 571 3270 potius
601 3183 798 3274 saepiusque
821 3184 964 3272 vinum,
993 3181 1068 3252 ludi
1098 3183 1159 3274 qui
1180 3189 1259 3272 post
1287 3202 1425 3254 coenam

454 3296 606 3388 fiebant,
633 3321 842 3391 amoresque
863 3301 1093 3370 canebantur.
1207 3341 1208 3344 =
1295 3345 1299 3354 ·

500 3416 597 3486 Inter
631 3416 881 3506 inclytissimos
924 3416 1140 3507 antiquitatis
1177 3420 1325 3506 poetae,
1366 3417 1427 3506 qui

455 3541 610 3618 συμποτικὰ
633 3532 741 3603 scolia
769 3533 981 3620 condidere,
1010 3531 1148 3603 Aloeus
1177 3537 1211 3601 et
1239 3530 1427 3602 Anacreon

454 3649 609 3737 primum
641 3648 758 3719 locum
781 3650 883 3721 facile
914 3651 1087 3719 obtinent.
1123 3648 1219 3731 Quos
1247 3649 1365 3737 enim,
1388 3652 1427 3719 ut

453 3880 524 3945 εἶναι
544 3887 640 3946 τοῦτον
658 3882 799 3965 Ἀχιλλέα
812 3883 888 3966 παρὰ
909 3883 1028 3955 Σαίθαις
1049 3882 1167 3943 ίασιλία
1187 3885 1242 3943 πῶν
1263 3882 1376 3960 τόπων,
1394 3883 1426 3955 ὃς

453 3992 562 4071 ἠράσθη
593 4011 624 4051 τε
654 3995 707 4067 πῆς
742 3989 900 4074 Ἰφιγενείας
931 3989 1099 4070 πεμφθείσης
1131 3990 1210 4069 ἐκεῖ,
1244 3987 1299 4050 καί·
1321 3987 1426 4066 ἔμεινεν

454 4095 625 4171 ἐπιδιώκων,
651 4095 683 4170 ἐξ
705 4091 735 4157 αὖ
755 4098 840 4170 τόπος·
867 4095 1028 4177 Ἀχίλλειον
1052 4120 1059 4133 ·
1083 4095 1109 4158 αἱ
1132 4096 1163 4158 δὲ
1186 4099 1266 4159 ταῦτα
1290 4094 1426 4176 λέγοντες

453 4205 636 4287 παραφέρουσι
660 4205 785 4285 μάρτυρα
806 4203 853 4265 τὸν
877 4201 1011 4299 Ἀλιιαῖφν
1033 4205 1156 4285 λέγοντα
1179 4227 1186 4240 ·
1210 4202 1367 4284 Ἀχίλλευ,
1393 4222 1420 4264 ιι.

454 4333 479 4377 τ.
502 4312 531 4379 λ,
558 4337 575 4372 »
594 4347 625 4358 -
642 4317 681 4371 Cf.
693 4317 803 4382 Pindar„
820 4319 950 4381 Parthen„
966 4319 998 4371 fr.
1013 4323 1037 4372 2.
