3324 5482
687 669 921 798 &ar-

341 902 501 976 invitavit
520 897 559 973 ut
581 903 620 971 in·
639 899 788 971 solemni
809 919 939 991 pompa
961 900 1318 993 interCanepborasp

343 1020 447 1092 sicuti
474 1014 550 1089 mos
580 1017 730 1096 Athenis
763 1016 913 1087 usitatus
945 1022 1020 1089 eret
1035 1046 1053 1107 ,¹
1074 1023 1210 1089 staret.¹
1228 1017 1318 1101 oua

344 1158 453 1231 quum
478 1137 522 1208 ad
544 1157 626 1207 suas
650 1136 796 1206 comites
827 1141 1046 1236 accesserat,
1072 1137 1216 1229 expulsa
1241 1134 1316 1228 esti

341 1254 451 1326 veluti
471 1250 621 1346 indigna
637 1249 716 1344 quae
736 1248 804 1323 hoc
825 1250 1050 1324 sanctissimo·
1069 1255 1249 1326 muneret
1298 1295 1315 1308 -
1386 1250 1391 1259 ’

343 1378 495 1464 geretur.

363 1526 367 1533 ·
387 1489 459 1560 Isia
477 1487 607 1578 injuria
623 1486 883 1578 indignabundi
898 1487 1112 1576 Harmodius
1131 1494 1166 1561 et
1180 1489 1319 1560 Aristo-¹

343 1603 574 1699 giton'finem
607 1610 713 1696 quam
744 1603 956 1674 citissimum
986 1605 1172 1695 impotenti
1204 1606 1317 1676 Pisis·
1354 1629 1358 1637 ·

343 1722 549 1795 tratidarum
573 1720 754 1812 tyrannidi
781 1720 967 1811 imponere
987 1721 1108 1812 vriiagis
1136 1741 1177 1791 ac
1205 1723 1318 1813 magis
1430 1755 1432 1758 ⁴

344 1840 598 1927 decreverunt,
623 1835 799 1928 suumque
819 1837 864 1907 ad
885 1836 1072 1907 consilium
1096 1835 1228 1929 aliquot
1247 1840 1316 1908 de·
1409 1900 1411 1904 ,

343 1956 453 2027 lectos
474 1957 624 2047 juvenes
651 1953 884 2024 admiserunt.
911 1955 1117 2046 Magnorum
1140 1951 1316 2036 Panathe-

344 2075 504 2144 neeorum
533 2071 644 2141 finem
675 2076 944 2161 exspectavere,
967 2092 1042 2163 ·quo
1071 2071 1129 2142 die
1154 2072 1260 2142 cives·
1280 2073 1318 2143 in

344 2190 536 2282 Acropolin
549 2189 763 2276 ascendere,
783 2189 909 2258 armati
926 2189 1027 2259 hasta
1045 2192 1080 2259 et
1098 2188 1319 2278 scuto,''soliti

345 2313 458 2380 erant.
483 2307 588 2377 Nullo
613 2308 709 2377 enim
731 2305 798 2376 alio
813 2306 909 2375 anni
932 2306 990 2376 die
1016 2316 1224 2377 concessum
1245 2312 1319 2400 erat

347 2426 441 2496 cives
472 2424 679 2515 congregari
712 2427 887 2512 armatos,
903 2421 1008 2492 redeo
1040 2421 1318 2496 Atheniensibus

344 2543 486 2634 tyranni
519 2539 754 2610 diffidebantl
793 2539 1041 2630 conjuratores
1078 2539 1206 2629 igitur,
1244 2558 1317 2608 non

344 2676 447 2730 secus
482 2678 523 2728 ac
556 2658 684 2749 reliqui
717 2658 831 2745 cives,
864 2657 965 2727 hasta
994 2659 1030 2725 et
1060 2660 1159 2726 scuto
1192 2654 1319 2726 armati
1403 2714 1404 2717 ,

345 2795 567 2863 convenere,
603 2773 667 2844 sed
701 2774 847 2864 insuper
878 2774 1078 2865 pugiones,
1106 2773 1145 2841 in
1173 2772 1318 2864 myrteis

344 2889 528 2960 frondibus
568 2887 610 2978 (i)
647 2888 829 2975 occultos,
874 2883 1061 2978 gestantes.
1105 2887 1319 2958 Harmodius

347 3012 382 3077 et
421 3004 639 3098 Aristogiton
682 3004 867 3084 Pisistrati*
893 3003 984 3074 filios
1028 3005 1175 3096 propria
1204 2991 1318 3075 manu

379 3234 414 3297 (1)
436 3250 447 3282 a
463 3232 534 3285 Unde
552 3233 687 3282 Harmodio
699 3241 723 3284 et
735 3233 894 3298 Aristogitoni
905 3232 993 3297 myrtei
1008 3231 1092 3293 samii
1105 3233 1182 3283 Erant
1190 3232 1218 3281 in
1229 3244 1319 3295 pompa

346 3336 568 3415 Panathenaeorum
592 3324 781 3408 θαλλοφόροι,
808 3335 851 3387 sed
876 3334 902 3385 hi
924 3332 1048 3397 oleaginus
1072 3333 1200 3395 gestabant
1228 3344 1317 3387 ramos.

346 3442 510 3509 Hesychius:
536 3433 737 3516 θαλλοφόρος,
768 3432 782 3493 ὁ
808 3435 957 3521 cognatur
990 3410 1120 3517 Ἀθήνῃσι
1146 3431 1193 3494 καὶ
1221 3431 1320 3505 ἐλαίας

347 3530 452 3605 citici
471 3544 571 3626 φέρων.
587 3551 677 3616 Myrtei
691 3552 753 3602 remi
769 3518 949 3604 adhibebantur
968 3545 1000 3604 ad
1017 3524 1148 3638 sacrificia,
1165 3558 1192 3601 ut
1205 3550 1321 3602 discimus

349 3664 379 3700 ex
390 3649 514 3714 Aristopb.
527 3649 596 3700 Avia.
611 3651 643 3703 [13

505 3797 605 3859 κανοῦν
621 3793 649 3855 δ’
665 3792 765 3880 ἔχοντε
775 3794 940 3878 καὶ-χύτραν
953 3793 1002 3856 καὶ
1016 3795 1151 3893 nppptreg
1188 3871 1191 3877 Δ

507 3900 699 3981 πλανώμεθα,
722 3922 750 3963 κ.
774 3923 801 3963 τ.
824 3901 870 3975 λ.Δ

382 4065 418 4116 Gi.
435 4064 579 4128 Thesmopi.
592 4068 631 4126 37,
643 4071 670 4135 et
685 4063 758 4128 Vespa
775 4067 838 4137 861.¹
845 4065 995 4117 Harmodius
1009 4065 1084 4133 igitur
1094 4072 1120 4117 ot
1135 4065 1285 4130 Aristogiton
1299 4080 1326 4119 sc

350 4157 379 4207 iis
400 4156 565 4220 adJunxerunt
584 4158 628 4218 qui
648 4163 757 4221 myrteas
782 4157 880 4209 frondes
904 4160 1036 4223 gerebant,
1062 4158 1179 4222 qniabis
1202 4159 1324 4213 occultare

350 4256 463 4314 poterent
476 4250 596 4315 pugiones
609 4265 671 4313 quos
684 4252 766 4315 pelam
778 4253 841 4304 serre
854 4252 922 4305 nelos
932 4260 994 4306 erat.
1009 4254 1096 4308 Hostus
1109 4261 1135 4307 et
1145 4260 1215 4306 scuta
1226 4259 1324 4306 tantum

352 4343 413 4395 ferre
426 4344 521 4399 licebat
542 4362 553 4394 a
569 4345 644 4409 Ilgen.
660 4345 691 4397 de
702 4342 802 4408 Scottis,
816 4342 842 4410 ρ’.
858 4351 922 4400 61.’
1270 4341 1273 4346 ’
