<?xml version="1.0" encoding="UTF-8"?>
<!DOCTYPE html PUBLIC "-//W3C//DTD XHTML 1.0 Transitional//EN"
    "http://www.w3.org/TR/xhtml1/DTD/xhtml1-transitional.dtd">
<html xmlns="http://www.w3.org/1999/xhtml" xml:lang="en" lang="en">
 <head>
  <title>
</title>
<meta http-equiv="Content-Type" content="text/html;charset=utf-8" />
  <meta name='ocr-system' content='tesseract 3.04.00' />
  <meta name='ocr-capabilities' content='ocr_page ocr_carea ocr_par ocr_line ocrx_word'/>
</head>
<body>
  <div class='ocr_page' id='page_1' title='image "./descoliissivede00gastgoog_0080.png"; bbox 0 0 3324 5482; ppageno 0'>
   <div class='ocr_carea' id='block_1_1' title="bbox 612 695 867 768">
    <p class='ocr_par' dir='ltr' id='par_1_1' title="bbox 612 695 867 768">
     <span class='ocr_line' id='line_1_1' title="bbox 612 695 867 768; baseline -0.02 0"><span class='ocrx_word' id='word_1_1' title='bbox 612 695 788 768; x_wconf 84' lang='lat'>-69-</span> <span class='ocrx_word' id='word_1_2' title='bbox 865 758 867 763; x_wconf 87' lang='lat'><strong>.</strong></span> 
     </span>
    </p>
   </div>
   <div class='ocr_carea' id='block_1_2' title="bbox 217 861 1186 1058">
    <p class='ocr_par' dir='ltr' id='par_1_2' title="bbox 217 861 1186 1058">
     <span class='ocr_line' id='line_1_2' title="bbox 260 861 1186 959; baseline 0.001 -20"><span class='ocrx_word' id='word_1_3' title='bbox 260 871 392 940; x_wconf 85' lang='lat' dir='ltr'><strong>Eadem</strong></span> <span class='ocrx_word' id='word_1_4' title='bbox 417 869 492 938; x_wconf 79' lang='lat' dir='ltr'><strong>fere</strong></span> <span class='ocrx_word' id='word_1_5' title='bbox 516 869 554 937; x_wconf 92' lang='lat' dir='ltr'><strong>in</strong></span> <span class='ocrx_word' id='word_1_6' title='bbox 583 867 787 959; x_wconf 81' lang='lat' dir='ltr'><strong>Theognide</strong></span> <span class='ocrx_word' id='word_1_7' title='bbox 813 867 857 957; x_wconf 86' lang='grc'><strong>(1)</strong></span> <span class='ocrx_word' id='word_1_8' title='bbox 885 861 1060 941; x_wconf 74' lang='lat' dir='ltr'><strong>sententia</strong></span> <span class='ocrx_word' id='word_1_9' title='bbox 1083 865 1186 940; x_wconf 87' lang='lat' dir='ltr'><strong>inve·</strong></span> 
     </span>
     <span class='ocr_line' id='line_1_3' title="bbox 217 987 337 1058; baseline -0.017 0"><span class='ocrx_word' id='word_1_10' title='bbox 217 987 313 1058; x_wconf 83' lang='lat' dir='ltr'><strong>nitur</strong></span> <span class='ocrx_word' id='word_1_11' title='bbox 331 1011 337 1056; x_wconf 92' lang='lat'>:</span> 
     </span>
    </p>
   </div>
   <div class='ocr_carea' id='block_1_3' title="bbox 357 1204 789 1293">
    <p class='ocr_par' dir='ltr' id='par_1_3' title="bbox 357 1204 789 1293">
     <span class='ocr_line' id='line_1_4' title="bbox 357 1204 789 1293; baseline -0.002 -22"><span class='ocrx_word' id='word_1_12' title='bbox 357 1209 468 1293; x_wconf 79' lang='grc' dir='ltr'>’Ἀνδρος</span> <span class='ocrx_word' id='word_1_13' title='bbox 482 1204 599 1284; x_wconf 59' lang='lat' dir='ltr'><strong>nono,</strong></span> <span class='ocrx_word' id='word_1_14' title='bbox 612 1205 703 1284; x_wconf 79' lang='grc' dir='ltr'>ἔδειξε</span> <span class='ocrx_word' id='word_1_15' title='bbox 717 1209 789 1271; x_wconf 79' lang='grc' dir='ltr'>νόον.</span> 
     </span>
    </p>
   </div>
   <div class='ocr_carea' id='block_1_4' title="bbox 220 1427 1185 1615">
    <p class='ocr_par' dir='ltr' id='par_1_4' title="bbox 220 1427 1185 1615">
     <span class='ocr_line' id='line_1_5' title="bbox 263 1427 1185 1520; baseline 0.002 -23"><span class='ocrx_word' id='word_1_16' title='bbox 263 1427 353 1497; x_wconf 85' lang='lat' dir='ltr'><strong>Item</strong></span> <span class='ocrx_word' id='word_1_17' title='bbox 372 1429 408 1497; x_wconf 94' lang='lat' dir='ltr'><strong>in</strong></span> <span class='ocrx_word' id='word_1_18' title='bbox 434 1428 597 1520; x_wconf 81' lang='lat' dir='ltr'><strong>AEschylo</strong></span> <span class='ocrx_word' id='word_1_19' title='bbox 620 1427 678 1519; x_wconf 74' lang='lat'>(2),</span> <span class='ocrx_word' id='word_1_20' title='bbox 701 1429 762 1520; x_wconf 90' lang='lat' dir='ltr'><strong>qui</strong></span> <span class='ocrx_word' id='word_1_21' title='bbox 781 1429 906 1520; x_wconf 79' lang='lat' dir='ltr'><strong>sepius</strong></span> <span class='ocrx_word' id='word_1_22' title='bbox 927 1428 1081 1500; x_wconf 81' lang='lat' dir='ltr'><strong>Alcaeurn</strong></span> <span class='ocrx_word' id='word_1_23' title='bbox 1105 1432 1185 1502; x_wconf 85' lang='lat' dir='ltr'><strong>ante</strong></span> 
     </span>
     <span class='ocr_line' id='line_1_6' title="bbox 220 1543 505 1615; baseline -0.004 -1"><span class='ocrx_word' id='word_1_24' title='bbox 220 1543 338 1615; x_wconf 79' lang='lat' dir='ltr'><strong>oeulos</strong></span> <span class='ocrx_word' id='word_1_25' title='bbox 355 1543 479 1615; x_wconf 86' lang='lat' dir='ltr'><strong>habuit</strong></span> <span class='ocrx_word' id='word_1_26' title='bbox 498 1567 505 1613; x_wconf 93' lang='lat'>:</span> 
     </span>
    </p>
   </div>
   <div class='ocr_carea' id='block_1_5' title="bbox 358 1750 1042 1862">
    <p class='ocr_par' dir='ltr' id='par_1_5' title="bbox 358 1750 1042 1862">
     <span class='ocr_line' id='line_1_7' title="bbox 358 1750 1042 1862; baseline 0.004 -25"><span class='ocrx_word' id='word_1_27' title='bbox 358 1750 518 1862; x_wconf 68' lang='grc' dir='ltr'>Κάτοπτρον</span> <span class='ocrx_word' id='word_1_28' title='bbox 533 1777 621 1853; x_wconf 80' lang='grc' dir='ltr'>εἴδους</span> <span class='ocrx_word' id='word_1_29' title='bbox 633 1777 745 1860; x_wconf 77' lang='grc' dir='ltr'>χαλκός</span> <span class='ocrx_word' id='word_1_30' title='bbox 758 1778 832 1861; x_wconf 79' lang='grc' dir='ltr'>ἐστ’,</span> <span class='ocrx_word' id='word_1_31' title='bbox 847 1773 922 1853; x_wconf 76' lang='grc' dir='ltr'>οἶνος</span> <span class='ocrx_word' id='word_1_32' title='bbox 936 1778 968 1841; x_wconf 76' lang='grc' dir='ltr'><strong>δὲ</strong></span> <span class='ocrx_word' id='word_1_33' title='bbox 980 1782 1042 1857; x_wconf 77' lang='grc' dir='ltr'><strong>νοῦ.</strong></span> 
     </span>
    </p>
   </div>
   <div class='ocr_carea' id='block_1_6' title="bbox 218 2011 1190 2221">
    <p class='ocr_par' dir='ltr' id='par_1_6' title="bbox 218 2011 1190 2221">
     <span class='ocr_line' id='line_1_8' title="bbox 263 2011 1190 2106; baseline -0.003 -22"><span class='ocrx_word' id='word_1_34' title='bbox 263 2015 423 2106; x_wconf 88' lang='lat' dir='ltr'><strong>Denique</strong></span> <span class='ocrx_word' id='word_1_35' title='bbox 443 2013 550 2085; x_wconf 81' lang='lat' dir='ltr'><strong>Alcei</strong></span> <span class='ocrx_word' id='word_1_36' title='bbox 568 2013 780 2084; x_wconf 80' lang='lat' dir='ltr'><strong>sentenIIem</strong></span> <span class='ocrx_word' id='word_1_37' title='bbox 800 2013 978 2086; x_wconf 81' lang='lat' dir='ltr'><strong>mutuatus</strong></span> <span class='ocrx_word' id='word_1_38' title='bbox 997 2017 1051 2084; x_wconf 81' lang='lat' dir='ltr'><strong>est</strong></span> <span class='ocrx_word' id='word_1_39' title='bbox 1072 2011 1190 2082; x_wconf 86' lang='lat' dir='ltr'><strong>Theo-</strong></span> 
     </span>
     <span class='ocr_line' id='line_1_9' title="bbox 218 2129 421 2221; baseline -0.005 -21"><span class='ocrx_word' id='word_1_40' title='bbox 218 2131 326 2202; x_wconf 84' lang='lat' dir='ltr'><strong>critus</strong></span> <span class='ocrx_word' id='word_1_41' title='bbox 347 2129 396 2221; x_wconf 86' lang='grc'><strong>(3)</strong></span> <span class='ocrx_word' id='word_1_42' title='bbox 413 2151 421 2199; x_wconf 91' lang='lat'>:</span> 
     </span>
    </p>
   </div>
   <div class='ocr_carea' id='block_1_7' title="bbox 354 2338 1100 2534">
    <p class='ocr_par' dir='ltr' id='par_1_7' title="bbox 354 2338 1100 2534">
     <span class='ocr_line' id='line_1_10' title="bbox 356 2338 1100 2425; baseline -0.004 -20"><span class='ocrx_word' id='word_1_43' title='bbox 356 2338 458 2423; x_wconf 82' lang='grc' dir='ltr'>Οἶνος,</span> <span class='ocrx_word' id='word_1_44' title='bbox 475 2338 575 2425; x_wconf 70' lang='grc' dir='ltr'>ὦφῡνε</span> <span class='ocrx_word' id='word_1_45' title='bbox 589 2346 656 2422; x_wconf 83' lang='grc' dir='ltr'>παῖ,</span> <span class='ocrx_word' id='word_1_46' title='bbox 671 2342 807 2423; x_wconf 66' lang='grc' dir='ltr'>λέγεται,</span> <span class='ocrx_word' id='word_1_47' title='bbox 822 2343 870 2405; x_wconf 81' lang='grc' dir='ltr'><strong>καὶ</strong></span> <span class='ocrx_word' id='word_1_48' title='bbox 884 2341 1008 2408; x_wconf 80' lang='grc' dir='ltr'><strong>ἀλάθεα.</strong></span> <span class='ocrx_word' id='word_1_49' title='bbox 1099 2380 1100 2383; x_wconf 59' lang='lat'><em>=</em></span> 
     </span>
     <span class='ocr_line' id='line_1_11' title="bbox 354 2449 983 2534; baseline 0.003 -22"><span class='ocrx_word' id='word_1_50' title='bbox 354 2450 458 2532; x_wconf 83' lang='grc' dir='ltr'>Κᾶμμε</span> <span class='ocrx_word' id='word_1_51' title='bbox 471 2450 528 2534; x_wconf 79' lang='grc' dir='ltr'><strong>χρὴ</strong></span> <span class='ocrx_word' id='word_1_52' title='bbox 546 2451 698 2532; x_wconf 77' lang='grc' dir='ltr'>μεθύοντας</span> <span class='ocrx_word' id='word_1_53' title='bbox 711 2449 839 2526; x_wconf 83' lang='grc' dir='ltr'>ἀλαθέας</span> <span class='ocrx_word' id='word_1_54' title='bbox 854 2450 983 2531; x_wconf 77' lang='grc' dir='ltr'><strong>ἔμμεναι.</strong></span> 
     </span>
    </p>
   </div>
   <div class='ocr_carea' id='block_1_8' title="bbox 251 2673 1190 2762">
    <p class='ocr_par' dir='ltr' id='par_1_8' title="bbox 251 2673 1190 2762">
     <span class='ocr_line' id='line_1_12' title="bbox 251 2673 1190 2762; baseline -0.006 -19"><span class='ocrx_word' id='word_1_55' title='bbox 251 2689 349 2758; x_wconf 72' lang='grc'><strong>11)-</strong></span> <span class='ocrx_word' id='word_1_56' title='bbox 364 2677 416 2740; x_wconf 68' lang='lat' dir='ltr'><strong>&#39;En</strong></span> <span class='ocrx_word' id='word_1_57' title='bbox 429 2677 461 2740; x_wconf 79' lang='grc' dir='ltr'><strong>δὲ</strong></span> <span class='ocrx_word' id='word_1_58' title='bbox 474 2677 613 2762; x_wconf 75' lang='grc' dir='ltr'><strong>ποτηρίων</strong></span> <span class='ocrx_word' id='word_1_59' title='bbox 626 2680 683 2758; x_wconf 68' lang='lat' dir='ltr'><strong>ni),</strong></span> <span class='ocrx_word' id='word_1_60' title='bbox 699 2678 787 2756; x_wconf 78' lang='grc' dir='ltr'><strong>νέοῑς,</strong></span> <span class='ocrx_word' id='word_1_61' title='bbox 801 2677 963 2757; x_wconf 76' lang='grc' dir='ltr'>Διννομένη,</span> <span class='ocrx_word' id='word_1_62' title='bbox 979 2675 1119 2760; x_wconf 81' lang='grc' dir='ltr'>παρίσδων</span> <span class='ocrx_word' id='word_1_63' title='bbox 1135 2673 1190 2762; x_wconf 88' lang='grc'>(4).</span> 
     </span>
    </p>
   </div>
   <div class='ocr_carea' id='block_1_9' title="bbox 357 2875 1117 2958">
    <p class='ocr_par' dir='ltr' id='par_1_9' title="bbox 357 2875 1117 2958">
     <span class='ocr_line' id='line_1_13' title="bbox 357 2875 1117 2958; baseline 0.003 -18"><span class='ocrx_word' id='word_1_64' title='bbox 357 2884 379 2940; x_wconf 87' lang='grc' dir='ltr'><strong>Ε</strong></span> <span class='ocrx_word' id='word_1_65' title='bbox 393 2883 503 2957; x_wconf 78' lang='lat' dir='ltr'><strong>poculis</strong></span> <span class='ocrx_word' id='word_1_66' title='bbox 517 2884 598 2955; x_wconf 87' lang='lat' dir='ltr'><strong>bibe,</strong></span> <span class='ocrx_word' id='word_1_67' title='bbox 612 2884 780 2958; x_wconf 83' lang='lat' dir='ltr'><strong>juvenibus,</strong></span> <span class='ocrx_word' id='word_1_68' title='bbox 795 2883 966 2957; x_wconf 83' lang='lat' dir='ltr'><strong>Dinomene,</strong></span> <span class='ocrx_word' id='word_1_69' title='bbox 981 2875 1117 2943; x_wconf 69' lang='lat' dir='ltr'><strong>assidene.</strong></span> 
     </span>
    </p>
   </div>
   <div class='ocr_carea' id='block_1_10' title="bbox 212 3102 1193 3647">
    <p class='ocr_par' dir='ltr' id='par_1_10' title="bbox 212 3102 1193 3647">
     <span class='ocr_line' id='line_1_14' title="bbox 259 3102 1193 3202; baseline 0.005 -25"><span class='ocrx_word' id='word_1_70' title='bbox 259 3121 312 3190; x_wconf 70' lang='lat'><strong>1.)</strong></span> <span class='ocrx_word' id='word_1_71' title='bbox 328 3109 478 3180; x_wconf 89' lang='lat' dir='ltr'><strong>-Duos</strong></span> <span class='ocrx_word' id='word_1_72' title='bbox 498 3102 642 3180; x_wconf 69' lang='lat' dir='ltr'><strong>tandem</strong></span> <span class='ocrx_word' id='word_1_73' title='bbox 663 3130 786 3181; x_wconf 76' lang='lat' dir='ltr'><strong>versus</strong></span> <span class='ocrx_word' id='word_1_74' title='bbox 808 3108 995 3181; x_wconf 81' lang='lat' dir='ltr'><strong>efferemus</strong></span> <span class='ocrx_word' id='word_1_75' title='bbox 1011 3111 1050 3179; x_wconf 92' lang='lat' dir='ltr'><strong>in</strong></span> <span class='ocrx_word' id='word_1_76' title='bbox 1064 3109 1193 3202; x_wconf 84' lang='lat' dir='ltr'><strong>quihus</strong></span> 
     </span>
     <span class='ocr_line' id='line_1_15' title="bbox 214 3225 1192 3318; baseline -0.001 -20"><span class='ocrx_word' id='word_1_77' title='bbox 214 3225 355 3298; x_wconf 85' lang='lat' dir='ltr'><strong>difficile</strong></span> <span class='ocrx_word' id='word_1_78' title='bbox 371 3231 424 3296; x_wconf 85' lang='lat' dir='ltr'><strong>est</strong></span> <span class='ocrx_word' id='word_1_79' title='bbox 437 3246 584 3296; x_wconf 84' lang='lat' dir='ltr'><strong>sensum</strong></span> <span class='ocrx_word' id='word_1_80' title='bbox 600 3227 754 3318; x_wconf 82' lang='lat' dir='ltr'>aliquem</span> <span class='ocrx_word' id='word_1_81' title='bbox 768 3228 983 3318; x_wconf 83' lang='lat' dir='ltr'><strong>perspicere.</strong></span> <span class='ocrx_word' id='word_1_82' title='bbox 1000 3227 1078 3298; x_wconf 79' lang='lat' dir='ltr'><strong>Hoc</strong></span> <span class='ocrx_word' id='word_1_83' title='bbox 1094 3228 1192 3297; x_wconf 88' lang='lat' dir='ltr'><strong>enim</strong></span> 
     </span>
     <span class='ocr_line' id='line_1_16' title="bbox 212 3343 1191 3435; baseline 0.001 -22"><span class='ocrx_word' id='word_1_84' title='bbox 212 3345 251 3413; x_wconf 93' lang='lat' dir='ltr'><strong>in</strong></span> <span class='ocrx_word' id='word_1_85' title='bbox 278 3343 476 3434; x_wconf 79' lang='lat' dir='ltr'><strong>fragmenio</strong></span> <span class='ocrx_word' id='word_1_86' title='bbox 503 3344 644 3413; x_wconf 76' lang='lat' dir='ltr'><strong>Initium</strong></span> <span class='ocrx_word' id='word_1_87' title='bbox 679 3352 714 3414; x_wconf 84' lang='lat' dir='ltr'><strong>et</strong></span> <span class='ocrx_word' id='word_1_88' title='bbox 739 3343 847 3413; x_wconf 86' lang='lat' dir='ltr'><strong>finem</strong></span> <span class='ocrx_word' id='word_1_89' title='bbox 877 3344 1058 3435; x_wconf 82' lang='lat' dir='ltr'><strong>cujusdam</strong></span> <span class='ocrx_word' id='word_1_90' title='bbox 1090 3343 1191 3414; x_wconf 88' lang='lat' dir='ltr'><strong>scolii</strong></span> 
     </span>
     <span class='ocr_line' id='line_1_17' title="bbox 212 3459 1187 3550; baseline 0 -21"><span class='ocrx_word' id='word_1_91' title='bbox 212 3460 406 3548; x_wconf 83' lang='lat' dir='ltr'><strong>habemus,</strong></span> <span class='ocrx_word' id='word_1_92' title='bbox 432 3461 525 3550; x_wconf 87' lang='lat' dir='ltr'>quod</span> <span class='ocrx_word' id='word_1_93' title='bbox 539 3513 547 3548; x_wconf 89' lang='lat'>‚</span> <span class='ocrx_word' id='word_1_94' title='bbox 561 3459 782 3530; x_wconf 14' lang='lat' dir='ltr'><strong>*concharum</strong></span> <span class='ocrx_word' id='word_1_95' title='bbox 806 3460 1022 3532; x_wconf 87' lang='lat' dir='ltr'><strong>mentionem</strong></span> <span class='ocrx_word' id='word_1_96' title='bbox 1040 3459 1187 3548; x_wconf 77' lang='lat' dir='ltr'><strong>faciens,</strong></span> 
     </span>
     <span class='ocr_line' id='line_1_18' title="bbox 214 3574 785 3647; baseline -0.002 -1"><span class='ocrx_word' id='word_1_97' title='bbox 214 3574 329 3647; x_wconf 84' lang='lat' dir='ltr'><strong>attulit</strong></span> <span class='ocrx_word' id='word_1_98' title='bbox 350 3576 408 3646; x_wconf 84' lang='lat' dir='ltr'><strong>his</strong></span> <span class='ocrx_word' id='word_1_99' title='bbox 428 3575 547 3647; x_wconf 87' lang='lat' dir='ltr'><strong>verbis</strong></span> <span class='ocrx_word' id='word_1_100' title='bbox 570 3576 785 3647; x_wconf 78' lang='lat' dir='ltr'><strong>Athenaeus:</strong></span> 
     </span>
    </p>
   </div>
   <div class='ocr_carea' id='block_1_11' title="bbox 245 3818 557 4069">
    <p class='ocr_par' dir='ltr' id='par_1_11' title="bbox 245 3818 557 4069">
     <span class='ocr_line' id='line_1_19' title="bbox 245 3818 492 3883; baseline -0.004 -14"><span class='ocrx_word' id='word_1_101' title='bbox 245 3818 281 3883; x_wconf 90' lang='grc'><strong>(1)</strong></span> <span class='ocrx_word' id='word_1_102' title='bbox 299 3819 420 3881; x_wconf 76' lang='lat' dir='ltr'><strong>Theogn,</strong></span> <span class='ocrx_word' id='word_1_103' title='bbox 436 3819 492 3868; x_wconf 84' lang='lat'><strong>500.</strong></span> 
     </span>
     <span class='ocr_line' id='line_1_20' title="bbox 247 3910 541 3974; baseline 0.003 -14"><span class='ocrx_word' id='word_1_104' title='bbox 247 3910 281 3974; x_wconf 82' lang='lat'><strong>(2)</strong></span> <span class='ocrx_word' id='word_1_105' title='bbox 298 3911 376 3971; x_wconf 69' lang='lat' dir='ltr'>Stob,</span> <span class='ocrx_word' id='word_1_106' title='bbox 390 3911 485 3970; x_wconf 89' lang='lat' dir='ltr'>XVIII,</span> <span class='ocrx_word' id='word_1_107' title='bbox 501 3915 541 3961; x_wconf 80' lang='grc'><strong>13.</strong></span> 
     </span>
     <span class='ocr_line' id='line_1_21' title="bbox 246 4002 557 4069; baseline 0.003 -16"><span class='ocrx_word' id='word_1_108' title='bbox 246 4002 282 4069; x_wconf 79' lang='grc'><strong>(3)</strong></span> <span class='ocrx_word' id='word_1_109' title='bbox 299 4004 412 4064; x_wconf 72' lang='lat' dir='ltr'><strong>Theocr„</strong></span> <span class='ocrx_word' id='word_1_110' title='bbox 426 4004 519 4063; x_wconf 82' lang='lat' dir='ltr'>XXIX,</span> <span class='ocrx_word' id='word_1_111' title='bbox 535 4008 557 4054; x_wconf 88' lang='grc'><strong>1.</strong></span> 
     </span>
    </p>
   </div>
   <div class='ocr_carea' id='block_1_12' title="bbox 245 4099 1184 4168">
    <p class='ocr_par' dir='ltr' id='par_1_12' title="bbox 245 4099 1184 4168">
     <span class='ocr_line' id='line_1_22' title="bbox 245 4099 1184 4168; baseline 0.005 -12"><span class='ocrx_word' id='word_1_112' title='bbox 245 4104 281 4168; x_wconf 85' lang='grc'><strong>(1)</strong></span> <span class='ocrx_word' id='word_1_113' title='bbox 298 4104 398 4166; x_wconf 80' lang='lat' dir='ltr'><strong>Athen,</strong></span> <span class='ocrx_word' id='word_1_114' title='bbox 418 4105 465 4163; x_wconf 89' lang='lat' dir='ltr'><strong>XI,</strong></span> <span class='ocrx_word' id='word_1_115' title='bbox 489 4106 547 4158; x_wconf 80' lang='lat' dir='ltr'><strong>Ino.</strong></span> <span class='ocrx_word' id='word_1_116' title='bbox 566 4105 597 4156; x_wconf 87' lang='lat' dir='ltr'><strong>D.</strong></span> <span class='ocrx_word' id='word_1_117' title='bbox 616 4131 646 4142; x_wconf 81' lang='lat'><strong>-</strong></span> <span class='ocrx_word' id='word_1_118' title='bbox 665 4104 775 4156; x_wconf 80' lang='lat' dir='ltr'><strong>correxit</strong></span> <span class='ocrx_word' id='word_1_119' title='bbox 795 4106 827 4156; x_wconf 88' lang='lat' dir='ltr'><strong>Is.</strong></span> <span class='ocrx_word' id='word_1_120' title='bbox 850 4104 1034 4157; x_wconf 80' lang='lat' dir='ltr'><strong>Caseubnnus=</strong></span> <span class='ocrx_word' id='word_1_121' title='bbox 1059 4121 1071 4156; x_wconf 78' lang='lat' dir='ltr'><strong>n</strong></span> <span class='ocrx_word' id='word_1_122' title='bbox 1097 4099 1130 4162; x_wconf 74' lang='grc' dir='ltr'><strong>ἐκ</strong></span> <span class='ocrx_word' id='word_1_123' title='bbox 1152 4099 1184 4162; x_wconf 77' lang='grc' dir='ltr'><strong>δὲ</strong></span> 
     </span>
    </p>
   </div>
   <div class='ocr_carea' id='block_1_13' title="bbox 210 4200 1184 4376">
    <p class='ocr_par' dir='ltr' id='par_1_13' title="bbox 210 4200 1184 4376">
     <span class='ocr_line' id='line_1_23' title="bbox 210 4200 1184 4287; baseline 0.008 -27"><span class='ocrx_word' id='word_1_124' title='bbox 210 4200 349 4281; x_wconf 82' lang='grc' dir='ltr'>ποτηρίων</span> <span class='ocrx_word' id='word_1_125' title='bbox 370 4202 495 4281; x_wconf 77' lang='grc' dir='ltr'>πίοντες,</span> <span class='ocrx_word' id='word_1_126' title='bbox 520 4202 697 4286; x_wconf 80' lang='grc' dir='ltr'>δειπνουμένῃ</span> <span class='ocrx_word' id='word_1_127' title='bbox 721 4203 862 4287; x_wconf 78' lang='grc' dir='ltr'>πάρισδον.</span> <span class='ocrx_word' id='word_1_128' title='bbox 889 4229 901 4263; x_wconf 85' lang='grc' dir='ltr'>ν</span> <span class='ocrx_word' id='word_1_129' title='bbox 929 4215 1040 4275; x_wconf 76' lang='lat' dir='ltr'><strong>«Quum</strong></span> <span class='ocrx_word' id='word_1_130' title='bbox 1059 4231 1073 4267; x_wconf 87' lang='lat' dir='ltr'><strong>e</strong></span> <span class='ocrx_word' id='word_1_131' title='bbox 1089 4216 1184 4282; x_wconf 81' lang='lat' dir='ltr'><strong>poculis</strong></span> 
     </span>
     <span class='ocr_line' id='line_1_24' title="bbox 210 4307 1106 4376; baseline 0.007 -17"><span class='ocrx_word' id='word_1_132' title='bbox 210 4307 337 4370; x_wconf 74' lang='lat' dir='ltr'><strong>bibinent,</strong></span> <span class='ocrx_word' id='word_1_133' title='bbox 356 4309 392 4359; x_wconf 93' lang='lat' dir='ltr'><strong>IIIi</strong></span> <span class='ocrx_word' id='word_1_134' title='bbox 404 4309 509 4361; x_wconf 82' lang='lat' dir='ltr'><strong>coenanti</strong></span> <span class='ocrx_word' id='word_1_135' title='bbox 522 4308 667 4362; x_wconf 82' lang='lat' dir='ltr'><strong>assiderunt.</strong></span> <span class='ocrx_word' id='word_1_136' title='bbox 687 4328 699 4359; x_wconf 76' lang='grc' dir='ltr'>ν</span> <span class='ocrx_word' id='word_1_137' title='bbox 715 4311 845 4367; x_wconf 79' lang='lat' dir='ltr'><strong>AnImndv.</strong></span> <span class='ocrx_word' id='word_1_138' title='bbox 860 4312 887 4363; x_wconf 70' lang='lat' dir='ltr'><strong>In</strong></span> <span class='ocrx_word' id='word_1_139' title='bbox 902 4313 999 4376; x_wconf 72' lang='lat' dir='ltr'><strong>Athen„</strong></span> <span class='ocrx_word' id='word_1_140' title='bbox 1013 4314 1060 4375; x_wconf 92' lang='lat' dir='ltr'><strong>XI,</strong></span> <span class='ocrx_word' id='word_1_141' title='bbox 1079 4318 1106 4366; x_wconf 85' lang='lat' dir='ltr'><strong>I.</strong></span> 
     </span>
    </p>
   </div>
   <div class='ocr_carea' id='block_1_14' title="bbox 0 0 1666 5482">
    <p class='ocr_par' dir='ltr' id='par_1_14' title="bbox 0 0 1666 5482">
     <span class='ocr_line' id='line_1_25' title="bbox 0 0 1666 5482; baseline 0 5"><span class='ocrx_word' id='word_1_142' title='bbox 0 0 1666 5482; x_wconf 95' lang='lat' dir='ltr'><strong> </strong></span> 
     </span>
    </p>
   </div>
  </div>
 </body>
</html>
