3324 5482
595 743 773 830 ..31-

378 981 381 985 ⁴
397 911 501 985 πάντες
514 909 560 991 ἴσᾳ
575 913 672 990 νέομεν
687 912 774 992 ψευδῆ
788 912 858 994 προς
876 911 964 974 ἀκτὰν
981 934 989 951 ·

311 1036 313 1041 ·
346 1024 348 1028 “
395 1015 428 1089 δς
442 1015 492 1094 μὲν
508 1015 656 1099 ἀχρήμων,
668 1016 765 1099 &prede
775 1017 850 1098 adai,
861 1015 902 1079 τοὶ
915 1011 977 1079 δὀὔ
988 1017 1171 1093 πλουτέοντες

397 1252 408 1289 ·.
455 1276 462 1289 .
508 1276 515 1290 .
538 1231 666 1307 ἀέξονται
685 1235 785 1315 φρένας
808 1279 814 1292 .
841 1279 847 1291 .
875 1279 881 1292 .
905 1234 1069 1313 ἀμπελίνοις
1081 1233 1172 1309 τόξοις

932 1343 1100 1422 [δαμνὲντες
1116 1343 1169 1422 (l).

270 1536 341 1592 Tum
354 1535 503 1592 hominum
518 1536 664 1593 laboriosae
679 1538 827 1610 aufugiunt
842 1555 916 1595 curae

271 1635 353 1707 longe
367 1652 383 1690 a
397 1639 510 1708 pectore
528 1653 534 1690 ε
553 1635 583 1690 in
598 1652 677 1692 mare
691 1637 930 1711 amplissimarum
944 1637 1103 1696 diviliarum

272 1750 370 1790 omnes
383 1749 440 1790 una
456 1733 619 1804 navigamus
634 1735 670 1791 ad
684 1736 814 1794 fallacem
829 1737 941 1810 ripam:

272 1849 380 1906 pauper
392 1833 425 1889 fit
439 1832 515 1888 dives
529 1851 536 1889 z
553 1833 653 1891 divites
665 1851 731 1891 vero
789 1829 792 1834 ’

273 2065 280 2081 .
323 2066 329 2080 .
368 2064 375 2082 .
399 2025 533 2081 inflantur
554 2025 717 2098 mentibus,
734 2026 835 2082 Bacchi
856 2027 919 2084 telis
934 2027 1042 2084 domiti.

238 2267 398 2344 Μ.Μ.)-
407 2261 459 2343 (in
473 2260 637 2344 Lyram)..
654 2261 701 2323 τόν
717 2260 752 2344 ῥα
765 2259 941 2344 Τέρπανδρός
954 2262 1008 2323 ποθ
1017 2259 1049 2321 ’ὃ
1063 2259 1177 2334 Λὲοόιος

402 2373 513 2453 πρῶτος
528 2370 556 2431 ἐν
571 2368 698 2431 δείπνοισι
711 2367 808 2429 Λυδῶν
1083 2361 1179 2451 [εὗρεν

403 2475 516 2556 ψαλμὸν
531 2475 711 2557 ἀντίφθογγον
725 2472 838 2553 ὑψηλᾶς
852 2472 960 2535 ἀκούων
973 2472 1106 2552 πηκτίδος
1122 2474 1175 2556 (2).

404 2692 495 2759 Quam
508 2689 672 2763 Terpander
686 2688 754 2746 olim
767 2688 885 2745 Lesbius
901 2688 1007 2745 invenit

400 2792 509 2865 primus
525 2791 555 2845 in
569 2787 661 2863 epulis
675 2787 816 2860 Lydorum

400 2897 513 2948 cantum
526 2903 722 2963 repercussum
735 2887 865 2944 sublimis
877 2887 995 2946 audiens
1006 2887 1133 2962 pertidia.

252 3106 333 3175 Haec
354 3106 507 3196 denique
527 3105 596 3175 duo
622 3111 762 3174 ἀδέσποτα
782 3105 989 3196 fragmenta,
1009 3105 1053 3176 ab
1071 3104 1180 3175 Athe·

206 3201 281 3293 naeo
301 3227 454 3311 servata,
474 3241 547 3291 non
570 3221 773 3313 negaverim
794 3222 887 3292 inter
908 3221 1013 3312 hujus
1039 3221 1180 3312 generis

206 3338 315 3412 seolia
337 3339 501 3431 ponenda
526 3359 618 3409 esse.

242 3603 275 3669 (l)
293 3603 393 3663 luen„
406 3603 450 3652 xl.
462 3628 496 3642 -
508 3603 541 3654 Ia.
554 3602 669 3662 Casanh„
689 3601 819 3652 Animalia.
833 3601 860 3650 in
873 3600 971 3666 Athen„
985 3601 1002 3654 l.
1015 3601 1063 3663 XI,
1078 3614 1102 3666 P·
1117 3605 1179 3665 dan,

209 3698 252 3751 l9.
262 3723 295 3735 -
305 3695 421 3758 Lugdun.
436 3695 504 3759 apud
518 3697 609 3746 Antan.
626 3693 656 3744 de
669 3695 756 3758 Harsy.
770 3695 804 3745 Μ.
817 3695 847 3745 D.
862 3692 891 3744 G.
948 3707 952 3714 ·

243 3788 280 3854 (2)
303 3803 314 3836 ι
330 3787 512 3850 L'inleiligence
521 3789 552 3838 de
564 3801 592 3838 ee
604 3801 719 3851 passage,
735 3793 836 3838 souvent
847 3785 952 3847 discute,
968 3788 1027 3837 effre
1037 3786 1068 3838 de
1079 3787 1182 3851 grandes

185 3866 188 3871 ¹
211 3880 346 3934 ufficultes.
360 3883 395 3930 La
406 3883 494 3944 pensee
511 3881 542 3930 de
560 3879 666 3930 Pindare
683 3887 721 3932 est
736 3879 919 3945 probablement
936 3879 1048 3941 aelle-ci,
1061 3893 1110 3944 que
1123 3883 1183 3930 Ter·
1221 3903 1224 3908 ·

209 3973 305 4042 pandre
319 3972 385 4026 avait
401 3974 479 4022 forme
490 3973 643 4023 le.harbit0n
660 3988 710 4023 aux
728 3985 784 4023 sous
797 3986 897 4036 graves,
914 3986 946 4021 en
962 3976 1146 4037 empruntantd
1160 3973 1184 4023 la

210 4069 286 4133 pectis
302 4069 351 4125 lou
361 4066 490 4131 mapadis)
502 4066 606 4116 l'nctave
618 4065 758 4116 inferieure.
775 4065 857 4114 Parmi
870 4064 905 4113 les
921 4065 1005 4128 poetes
1023 4079 1108 4130 grees,
1126 4065 1186 4117 c'est

211 4163 309 4228 Sappho
322 4160 367 4223 qui
378 4174 404 4211 se
422 4158 495 4210 serait
508 4159 586 4210 sarvie
602 4159 626 4208 la
637 4157 758 4223 premiere
767 4158 804 4223 ¹(lu
824 4159 899 4220 pectis
914 4173 948 4210 ou
960 4161 1071 4223 mapadis
1085 4172 1094 4210 .·
1113 4159 1185 4222 apres

212 4255 259 4309 elle
272 4254 407 4308 seulement
422 4254 559 4305 Anacreon.
577 4270 589 4301 ι
606 4251 676 4318 (Olli.
690 4251 791 4311 Mulier,
807 4250 874 4304 Hier.
888 4252 918 4304 de
930 4253 956 4302 la
969 4252 1048 4305 littlr.
1066 4263 1183 4318 praeque,

213 4349 279 4407 trad.
290 4363 336 4416 par
349 4350 379 4402 K.
392 4347 551 4410 Hillebrand‚
566 4355 583 4400 ι.
597 4347 635 4409 ll,
649 4360 676 4412 p.
690 4348 739 4408 il,
753 4349 804 4395 not.
819 4347 856 4409 1.)
