3286 5490
846 757 1024 828 ...58-

452 930 640 1022 expugnati
665 933 768 1020 atque
792 929 836 999 ad
861 928 1144 1000 internecionem
1172 929 1337 1000 trucidati
1365 951 1424 1001 es-

452 1050 548 1134 sent,
583 1047 621 1115 in
647 1066 727 1134 eoS,
754 1050 896 1117 auctore
921 1044 1029 1116 Suida
1058 1046 1131 1136 (1),
1153 1043 1308 1134 scolion,
1332 1047 1426 1137 quod

452 1161 652 1251 attulimus,
685 1163 765 1233 oani
790 1167 943 1253 ooeptum
968 1168 1021 1233 est
1041 1163 1098 1252 (2).

495 1386 553 1455 n.)
577 1415 622 1428 —
647 1376 780 1447 Eodem
804 1376 877 1447 lere
896 1383 1056 1467 tempore
1083 1377 1151 1447 hoo
1180 1375 1360 1469 Clitagoroe
1387 1378 1425 1447 in

451 1515 490 1565 se
508 1495 623 1585 ipsam
644 1493 689 1583 (3)
715 1492 848 1563 seolion
875 1498 1051 1563 cantatum
1074 1499 1139 1582 est,
1162 1495 1260 1586 cujus
1283 1494 1424 1565 initium

451 1609 705 1701 Aristophanes
731 1609 783 1711 in
799 1609 918 1700 Vespts
945 1608 998 1701 (4)
1021 1610 1199 1682 servavit:

504 1815 642 1899 Χρήματα
655 1814 703 1878 καὶ
718 1814 774 1877 ouo
788 1815 965 1899 Κλειταγόρᾳ
978 1837 1009 1878 τε
1023 1816 1108 1896 κάμοι
1124 1816 1194 1895 μετὰ
1208 1815 1367 1882 Θετταλῶν.

505 2013 619 2074 Divitias
632 2023 660 2073 et
674 2032 742 2090 opes
756 2017 958 2088 Ghlagoraeque
971 2022 999 2072 et
1012 2015 1082 2072 mihi
1097 2032 1162 2074 oum
1175 2014 1324 2073 Thessalis.

495 2231 572 2302 Hoc
597 2253 725 2322 versu,
755 2238 794 2303 ut
816 2233 975 2321 videtur,
1008 2235 1143 2324 poetria
1171 2233 1215 2304 ad
1239 2233 1426 2306 Thessalos

452 2346 573 2419 alludit
601 2351 663 2443 qui
691 2350 921 2421 Pisistratidis
946 2350 1113 2421 adversus
1143 2350 1426 2422 Lacedaemonios

453 2466 610 2538 auxiliati
639 2473 732 2538 sunt.
767 2466 1013 2537 Alcmaeonidoe
1045 2467 1166 2556 enirn,
1201 2468 1244 2538 ab
1277 2467 1426 2539 Athenis

452 2583 606 2675 profugi,
626 2584 710 2654 dum
728 2584 894 2675 Delphis,
918 2583 980 2653 ubi
996 2584 1166 2674 templum
1186 2583 1426 2654 aedificandum

453 2700 717 2789 conduxerant,
754 2700 1010 2790 morabantur,
1040 2701 1215 2791 pecunia,
1248 2705 1287 2770 ut
1320 2701 1429 2785 refert

452 2818 650 2889 Herodotus
674 2819 722 2910 (5)
752 2819 883 2910 Pythiae
911 2827 1188 2909 persuaserunt,
1219 2825 1259 2890 ut
1290 2821 1427 2911 quoties

452 2934 617 3025 Spartani
659 2937 753 3007 cives
787 2936 941 3027 Delphos
983 2938 1146 3007 venirent
1187 2937 1261 3007 sive
1291 2937 1426 3026 privato

453 3053 527 3123 sive
546 3053 688 3144 publico
713 3074 861 3124 munere
884 3053 1078 3126 consulturi
1097 3052 1301 3140 oraculum,
1327 3073 1428 3123 eons-

453 3174 568 3241 ianter
610 3170 688 3241 illos
729 3177 890 3241 moneret
939 3176 978 3240 ui
1021 3169 1179 3241 Athenas
1222 3168 1426 3240 liberarent.

453 3286 606 3358 Proinde
629 3289 897 3376 Lacedaemonii,
921 3308 1031 3378 quum
1052 3287 1148 3357 idem
1171 3286 1258 3377 ipsis
1287 3306 1430 3376 semper

455 3403 596 3474 effatum
616 3405 800 3494 ederetur,
820 3403 1100 3493 Anchimolium,
1121 3407 1316 3494 spectatum
1336 3403 1430 3471 inter

455 3520 548 3589 cives
585 3521 726 3610 virum,
764 3541 844 3591 oum
889 3521 1045 3591 exercitu
1089 3521 1151 3611 qui
1193 3517 1429 3588 Pisistratidas

454 3635 603 3709 Athenis
621 3637 768 3738 pelleret
786 3639 939 3710 mittunt.
968 3637 1044 3720 Qua
1067 3659 1106 3708 re
1137 3641 1255 3709 autern
1277 3636 1427 3728 cognita,

490 3891 523 3956 (t)
544 3889 611 3942 suid.
632 3906 654 3942 v.
674 3881 844 3963 Λειψύδριον.

491 3992 526 4056 (2)
545 3991 662 4042 Herodot.
675 4007 699 4042 v.
709 3995 739 4040 62
753 3991 963 4050 ;-Eustath.1l.
978 3993 1000 4051 A,
1016 4005 1042 4055 l)-
1053 3993 1110 4045 tol.
1124 3991 1188 4043 Edit.
1203 3991 1274 4041 Rom.
1286 4006 1292 4051 ;
1306 3989 1429 4054 -litpru

456 4084 492 4140 Μ.
512 4088 570 4146 aot,
582 4087 622 4135 32.

491 4178 526 4244 (3)
544 4177 577 4228 Ut
587 4177 621 4228 ait
631 4176 765 4228 Scholiasta
778 4179 899 4244 Aristoph.
913 4180 939 4229 in
957 4181 1024 4244 Vesp.
1042 4182 1116 4234 ttl5.

489 4270 524 4338 (ll)
541 4269 663 4334 Aristoph.
685 4269 753 4333 Vesp.
769 4273 843 4324 rats.

491 4362 521 4426 (5)
539 4363 574 4426 V,
589 4365 631 4415 68.
