3286 5490
731 690 906 787 ..22-

345 918 348 923 ·
378 889 596 960 Exstiterunt
616 889 675 960 alii
697 895 828 980 poetae,
850 910 1000 980 qnorum
1016 889 1159 981 quidem
1175 868 1318 977 seclia,

335 1013 394 1079 aut
413 1007 536 1077 saltem
558 1006 690 1096 aliquot
702 1027 826 1076 versus
844 1006 1040 1095 hahemus3
1060 1007 1123 1077 sed
1138 1027 1206 1097 quo
1225 1005 1317 1076 loeo·

337 1130 396 1195 aut
418 1145 487 1216 quo
509 1128 667 1213 tempore
691 1122 843 1193 vixerint
865 1123 1081 1214 ignoramus.
1255 1127 1258 1132 '

375 1277 420 1292 --
436 1240 668 1312 Callistratus
682 1240 837 1329 scilicet,
854 1241 933 1331 qui,
950 1222 1091 1311 auctore
1108 1239 1308 1341 Hesychio,

334 1356 604 1428 celeberrimum
636 1357 821 1428 Harmodii
846 1376 990 1427 carmen
1019 1356 1227 1448 composuit.
1259 1356 1310 1426 Ut

332 1474 525 1545 verisimiIe
558 1480 632 1564 est,
664 1474 723 1544 ille
750 1479 853 1565 poeta
881 1474 1109 1544 Atheniensis
1140 1477 1237 1561 erat,
1272 1479 1310 1542 et

333 1591 443 1667 multo
474 1597 573 1682 post,
599 1597 640 1662 ut
668 1593 759 1662 intra
787 1591 839 1682 (1)
865 1591 1084 1680 videbimus,
1110 1590 1306 1660 Pisistrati-

333 1711 457 1780 darum
478 1710 702 1780 eversionem
723 1708 880 1779 florebat.

375 1829 606 1917 -Hpbrtos,
628 1826 824 1913 Cretensis,
843 1826 942 1916 cujus
966 1831 1002 1896 et
1019 1845 1150 1895 nornen
1172 1829 1207 1895 et
1229 1844 1308 1895 sco-

332 1945 406 2014 lion
426 1944 578 2014 servavit
599 1944 792 2014 Athenaeus
817 1942 882 2033 (2).

377 2098 422 2115 -
445 2061 656 2152 Clitoporo,
692 2080 797 2151 quam
828 2059 1073 2150 Aristophanis
1107 2058 1309 2130 scholiastae

333 2179 438 2251 modo
457 2178 695 2249 Thessalicam
709 2176 775 2268 (3),
802 2178 905 2247 modo
923 2178 1132 2249 Laconicam
1148 2176 1201 2270 (l)
1220 2198 1306 2268 poe-

332 2295 437 2365 triam
460 2293 646 2385 appellant.

338 2438 341 2443 ·
378 2411 540 2502 Denique
564 2431 629 2480 nos
653 2410 755 2480 docet
780 2410 1033 2502 Aristophanes
1066 2411 1108 2501 (5)
1140 2410 1307 2482 Melctum

333 2529 454 2617 istum,
470 2528 738 2599 infestiSsimum
759 2526 912 2599 Socratis
927 2534 1179 2619 accusatorem,
1198 2527 1307 2599 seclia

333 2645 372 2713 in
404 2644 520 2714 lucem
553 2645 730 2734 edidisse,
755 2666 904 2737 quorum
936 2665 982 2715 ne
1021 2667 1132 2716 unurn
1163 2645 1307 2737 quidem

333 2778 475 2827 versum
493 2759 727 2849 possidemus.

379 2874 471 2944 Satis
505 2876 551 2945 sit
580 2877 618 2947 in
643 2898 801 2968 praesens
826 2885 1009 2973 poetarum
1042 2882 1187 2953 nomina
1215 2902 1305 2953 enu-

335 3013 491 3063 merasse
511 2993 572 3085 qui
591 2993 699 3064 scolia
715 2996 933 3087 scripserunt
949 3021 958 3086 ;
976 2998 1048 3088 J‘am
1067 2998 1127 3070 illa
1147 2999 1307 3071 carmina

335 3109 374 3179 in
399 3108 529 3181 classes
552 3110 741 3182 dividenda
758 3118 850 3183 sunt.

333 3396 448 3448 hilarium
466 3397 603 3448 carminum
627 3405 741 3462 poetam,
763 3399 886 3462 quivixit
908 3401 1057 3465 paulopost
1081 3401 1196 3453 Antiochi
1219 3405 1303 3468 Magni

333 3497 448 3550 mortem,
464 3489 562 3554 Olymp.
579 3491 696 3542 CXLVIII
709 3493 770 3558 (187
785 3508 806 3544 a.
824 3495 917 3556 u.).-
931 3495 968 3546 ct
984 3495 1071 3547 Athen.
1090 3496 1137 3558 XV,
1155 3510 1181 3559 p.
1197 3500 1253 3549 697.
1270 3497 1299 3547 D.
1395 3500 1403 3511 “

367 3583 402 3648 (1)
421 3585 479 3647 Peg.
493 3585 525 3632 25
536 3589 560 3633 et
572 3596 623 3646 seq.

366 3676 402 3743 (2)
420 3676 507 3728 Athen.
520 3676 569 3737 XV,
582 3690 608 3741 p.
621 3681 679 3730 695.
691 3680 718 3730 F.

367 3769 402 3834 (3)
420 3768 500 3820 Schol.
514 3769 636 3834 Aristoph.
647 3770 673 3821 in
692 3771 757 3834 resp.
773 3773 847 3824 late.

367 3861 403 3927 (t)
420 3860 500 3914 Schcl.
514 3862 637 3927 Aristoph.
649 3863 675 3913 ln
690 3864 778 3930 Lysim.
793 3867 866 3915 1237.

342 4027 349 4037 ι
367 3954 402 4019 (5)
421 3954 543 4020 Aristoph.
559 3957 620 4009 nan.
637 3959 712 4009 taor.
