3324 5482
608 713 783 784 ...49-

253 887 417 958 Hermias
431 887 503 976 ille,
518 888 616 978 cujus
632 890 671 958 in
684 890 856 959 honorem
869 875 1178 979 praeclarissimum

207 1002 294 1075 illud
328 1025 471 1075 carmen
507 1005 703 1095 composuit
733 1004 967 1094 Aristoteles,
999 1004 1177 1076 Atarneu-

210 1122 302 1191 sium
329 1120 382 1212 (l)
418 1126 587 1213 tyrannus
627 1125 712 1190 erat.
750 1119 820 1202 Qui
856 1122 949 1211 apud
984 1120 1181 1212 Diogenem

210 1238 389 1309 Laertium
413 1237 466 1329 (2)
492 1237 675 1307 eunuchus
701 1235 914 1327 appellatur,
943 1236 1025 1306 licet
1049 1237 1180 1306 Deme·

211 1355 299 1425 trius
323 1354 469 1444 Magnes
492 1352 545 1444 (3)
574 1353 703 1424 referat
727 1351 835 1424 tiliam
858 1353 915 1422 vel
938 1359 1081 1444 neptem
1106 1354 1181 1443 ejus

212 1469 435 1541 matrimonio
468 1469 650 1541 Aristoteli
677 1470 835 1559 Junctam
859 1469 989 1557 fuisse,
1018 1476 1053 1540 et
1080 1469 1182 1540 Aris-

212 1587 329 1678 tippus
340 1585 392 1678 (A)
407 1586 655 1677 philosophum
670 1586 762 1656 dieat
776 1586 932 1677 Hermiae
948 1586 1184 1656 concubinam

187 1757 192 1765 .
213 1703 393 1774 adamasse
414 1702 479 1794 (5).
503 1703 693 1775 Eunuchus
716 1702 824 1793 igitur
845 1702 935 1771 nihil
959 1703 1054 1774 aliud
1077 1723 1183 1795 quam

210 1815 355 1890 vservum
383 1819 568 1910 significat.
598 1818 728 1888 Servus
752 1819 848 1889 enim
872 1820 1037 1890 Hermias
1063 1819 1182 1910 cujus-

214 1936 294 2006 dam
310 1936 497 2024 mensarii,
514 1935 643 2006 Eubuli
662 1935 826 2024 nomine,
846 1936 960 2006 luerat
976 1959 985 2006 z
1004 1957 1184 2028 quumque

214 2053 370 2123 venisset
399 2050 578 2142 Athenas,
609 2052 794 2123 Platonem
822 2054 955 2124 audivit
984 2059 1019 2124 et
1045 2053 1185 2125 Aristo·

215 2169 331 2242 telem.
355 2169 442 2239 Inde
467 2170 505 2239 in
524 2169 673 2260 patriam
691 2190 877 2259 reversus,
898 2170 1041 2241 domino
1064 2176 1185 2262 tyran-

216 2287 335 2357 nidem
364 2288 403 2356 in
432 2287 649 2358 Atarnenses
675 2292 709 2355 et
736 2286 859 2357 Assios
889 2286 941 2378 (6)
970 2288 1187 2359 machinanti

216 2405 351 2474 socium
372 2424 411 2475 se
430 2405 605 2495 praebuit3
626 2408 705 2494 post
727 2403 761 2473 ei
780 2404 968 2493 successit,
991 2405 1185 2495 accivitque

215 2519 440 2591 Aristotelem
473 2527 508 2589 et
543 2519 802 2608 Xenocratem,
839 2541 1032 2612 eorumque
1066 2541 1187 2593 curam

217 2638 349 2708 habuit.
370 2638 418 2707 At
437 2636 607 2707 Memnon
627 2637 810 2725 Rhodius,
831 2637 1020 2708 Persarum
1038 2659 1079 2709 eo
1096 2645 1185 2710 tern-

216 2772 300 2844 pore
329 2753 536 2824 administer
566 2759 669 2845 atque
699 2755 789 2842 dun,
822 2754 986 2827 simulata
1009 2757 1184 2848 amicitia,

217 2871 399 2942 Hermiam
419 2872 520 2942 adse
543 2872 701 2959 vocavit,
726 2871 793 2942 sub
814 2873 958 2945 nomine
981 2874 1126 2965 hospitii
1151 2881 1187 2945 et

217 2988 460 3059 simulatorum
485 2989 728 3080 negotiorum,
752 2990 1119 3084 comprehensumque
1144 2992 1189 3062 ad

218 3126 337 3198 regern
374 3105 503 3176 misit:
534 3104 585 3174 ibi
618 3105 782 3176 Hermias
817 3109 1008 3199 suspendio
1042 3109 1186 3181 allectus

255 3479 290 3541 tl)
309 3476 443 3543 Atarneus,
459 3491 516 3541 opp.
532 3475 634 3533 AEolidis
646 3477 677 3528 ad
690 3479 931 3535 irruerunt-vid.
943 3483 1058 3546 Lareher‚
1075 3483 1192 3538 thoire

222 3584 265 3622 sur
280 3570 408 3630 Hermiae,
422 3573 496 3622 Mem.
511 3571 541 3622 de
554 3551 702 3622 l'Academie
717 3571 760 3622 des
774 3573 932 3638 inscriptions
948 3584 972 3628 et
987 3577 1186 3643 Balbe-Lethes,

223 3664 406 3715 tomeXLVlll.

256 3754 291 3821 (a)
308 3757 336 3817 v,
352 3760 420 3816 r,a.

140 3897 143 3901 .
256 3849 290 3914 (3)
308 3850 381 3911 thid„
396 3848 423 3900 iu
437 3849 507 3900 libris
517 3852 547 3900 cle
562 3848 644 3902 Poetis
658 3866 686 3900 ac
699 3848 868 3917 Scriptoribus
882 3857 1072 3922 cognominibus·
1136 3894 1139 3901 ·

256 3945 291 4008 (i)
309 3942 383 4005 ibid„
397 3943 517 4008 inprime
531 3944 682 4011 delictique
697 3945 771 3998 lucu
782 3947 853 4002 libro.

258 4036 293 4099 (5)
312 4036 437 4089 Aristoteli
449 4037 525 4090 filiam
537 4038 620 4091 fratris
629 4047 736 4106 nuptum
746 4040 814 4097 dedit
825 4045 944 4110 Hermias,
956 4047 976 4099 si
988 4047 1101 4101 Straboni
1113 4045 1194 4117 (XIII,

224 4130 251 4191 1,
267 4131 313 4197 57)
328 4129 388 4186 fides
397 4137 442 4186 est.

259 4224 295 4290 (6)
313 4228 402 4292 Assos,
418 4229 476 4283 urbs
489 4227 594 4293 norica,
611 4242 677 4283 nunc
691 4232 751 4284 Asso
769 4232 865 4298 ruina,
888 4249 964 4303 prope
983 4238 1065 4293 vicum
1084 4239 1196 4295 Beriam·

226 4315 315 4374 ualui.

1001 4424 1025 4499 4
