3324 5482
734 722 913 794 ..23-

771 1037 791 1124 p
814 1034 873 1104 vr.

342 1279 455 1328 sootm
476 1277 609 1327 unxruu
630 1277 815 1326 roruuanm
839 1281 845 1324 :
871 1263 901 1324 1⁰
923 1276 1089 1326 rmauonn
1111 1279 1153 1325 ur
1174 1277 1312 1327 narsro-

450 1388 581 1435 orronrs
597 1389 604 1447 ;
622 1403 661 1417 -
675 1372 708 1437 2⁰
729 1387 854 1435 anuum
875 1390 938 1448 ;-
954 1372 985 1433 3ο
1007 1378 1205 1435 runauonm.

387 1613 554 1683 Omnium
580 1611 767 1683 scoliorum
796 1634 875 1703 quae
903 1616 1062 1706 integra,
1083 1619 1143 1686 aut
1164 1634 1315 1707 quorum

342 1729 508 1822 reliquias
541 1729 759 1820 grammatici
783 1749 986 1822 servavere,
1016 1731 1084 1802 tria
1108 1736 1209 1821 sunt,
1236 1753 1315 1823 quaa

344 1848 533 1939 separatim
548 1850 583 1916 et
597 1851 677 1917 ante
688 1846 756 1917 alia
766 1846 928 1932 collocari
941 1848 1083 1937 dehent,
1095 1850 1223 1941 quippe
1236 1870 1315 1941 quae

234 2046 237 2051 ,
343 1966 443 2037 multi
469 1971 652 2054 auctores,
681 1969 719 2035 ut
743 1966 896 2062 maxime
919 1966 1102 2058 popularia
1116 1966 1314 2054 ,laudave-

342 2084 425 2154 rint.
449 2083 500 2154 Ea
521 2088 627 2154 sunt:
649 2083 846 2155 Harmodii
854 2136 864 2163 ,
894 2084 1038 2155 Admeti
1059 2088 1094 2156 et
1116 2085 1316 2156 Telamonis

344 2201 462 2274 scotia.

387 2317 597 2411 Antiphanis
622 2319 748 2388 comici
771 2322 871 2389 aetate
895 2318 965 2412 (1),
983 2320 1070 2391 adeo
1090 2319 1315 2391 convivarum

344 2457 446 2508 aures
470 2437 655 2508 Harmodii
678 2442 713 2507 et
734 2436 936 2510 Telamonis
963 2438 1178 2510 carminibus
1201 2443 1315 2510 tunsae

344 2558 468 2640 erant,
493 2558 532 2624 ut
553 2574 707 2644 persona
734 2556 895 2646 quaedam
925 2555 973 2648 (2)
1000 2557 1152 2626 amicum
1185 2556 1315 2627 dehor-

343 2676 447 2759 tetur,
469 2691 515 2741 ne
539 2669 696 2742 o'bsoleta
716 2672 901 2742 Harmodii
928 2678 963 2743 et
986 2672 1186 2744 Telamonis
1207 2671 1316 2744 scolia

343 2790 507 2880 proterat.
519 2788 638 2857 —His
658 2788 891 2877 carminibus,
913 2810 992 2881 quae
1006 2791 1080 2860 iere
1095 2790 1133 2859 in
1150 2789 1315 2861 omnihus
1353 2861 1358 2870 ,

344 2906 511 2976 conviviis
535 2905 764 2995 canebantur,
788 2906 989 2978 addendum
1014 2912 1084 2996 est,
1106 2910 1195 2978 teste
1219 2905 1317 2977 Aris-

343 3022 505 3112 tophanis
527 3021 720 3092 Scholiasta
738 3021 799 3113 (3),
821 3024 964 3094 Admeti
989 3024 1111 3095 melos

385 3239 448 3315 Α.)
464 3230 573 3301 —De
594 3230 790 3303 Harmodii
805 3232 912 3302 scolio
929 3232 1084 3323 primum
1097 3231 1314 3323 loquendum

344 3353 416 3438 cst,
450 3348 544 3440 quod
578 3348 651 3417 fere
681 3348 738 3417 his
769 3347 887 3418 verbis
919 3347 1182 3440 Athenaeustlr)
1210 3347 1313 3418 nohis

344 3466 492 3537 servavit
514 3488 523 3534 ι

428 3622 432 3630 ’
488 3644 534 3706 Ἐν
555 3646 655 3727 μύρτου
677 3644 763 3706 κλαδὶ
785 3646 816 3705 τό
838 3642 914 3727 ξίφος
936 3648 1062 3728 φορήσω,

483 3754 574 3835 ὥσπερ
598 3751 742 3836 Ἁρμόδιος
760 3751 791 3813 κ’
816 3751 1045 3835 Ἀριστογείτων,

379 3977 413 4042 (t)
430 3977 579 4043 Antiphanes
600 3985 672 4031 natus
693 3986 729 4032 est
749 3980 847 4048 olymp.
872 3981 952 4033 XClII
970 3984 1039 4047 (toa
1059 3996 1083 4034 a.
1106 3981 1150 4036 Ch.
1164 3983 1183 4050 ),
1204 3989 1316 4038 mortuus

345 4075 426 4121 autem
439 4071 538 4134 Olymp.
554 4072 621 4122 XCII
634 4073 675 4138 (a.
691 4072 720 4123 C.
734 4076 781 4125 832
792 4074 810 4136 ).

379 4163 413 4228 (a)
431 4161 489 4214 Vide
501 4177 583 4227 cupra,
597 4178 623 4229 p.
637 4168 679 4217 16.

378 4259 415 4324 (3)
430 4257 510 4309 Schola
527 4248 648 4322 Aristoph.
660 4259 687 4309 in
701 4258 758 4311 nou.
775 4263 832 4311 980.

379 4351 413 4416 (d)
431 4352 480 4413 XV,
500 4365 525 4415 p.
542 4355 598 4404 695.
616 4354 635 4402 Δ
650 4359 674 4403 et
685 4366 735 4414 uoq.
