3324 5482
600 713 805 785 ..101-

213 889 330 972 valea,
363 884 424 975 qui
451 888 489 952 ut
518 881 729 966 Quintiliani
747 881 796 975 (1)
825 877 950 954 verbis¹
970 890 1067 974 utar,
1098 885 1191 976 opici

215 1002 392 1072 carminis
411 1020 522 1071 cicero
543 1001 623 1090 lyra
645 1002 859 1073 sustinuit?
878 993 1192 1095 Horatius‚'quum

215 1139 339 1210 croces
357 1117 555 1188 Stesichori
573 1139 751 1190 camoenas
766 1119 814 1210 (2)
834 1119 965 1211 laudat,
983 1141 1049 1191 nos
1068 1126 1192 1211 putare
1313 1123 1317 1130 '

216 1231 309 1306 vetat
327 1240 466 1326 poetam
491 1234 592 1306 illum
618 1235 708 1307 tales
731 1236 776 1306 ad
800 1237 899 1327 jocos
926 1259 1083 1329 unquam
1108 1239 1192 1309 des·

218 1352 391 1422 cendisse.

636 1648 657 1738 s
680 1636 773 1718 xvc.

319 1935 363 1981 DE
391 1931 596 1980 BACCHYLIDE
626 1932 728 1980 INTER
753 1934 939 1984 SCOLIORUM
969 1934 1093 1983 eomes

570 2039 838 2091 ANNUMERANDO.

263 2310 458 2381 Sooliorum
475 2313 593 2401 poetis
612 2311 753 2385 ,facilius
782 2311 1048 2403 adjungendum
1068 2310 1196 2400 opinor

218 2427 465 2518 Bacchylidem
491 2427 601 2503 Geum
627 2427 695 2517 (3);
727 2429 788 2519 qui
817 2428 983 2518 quidem,
1013 2430 1052 2496 ut
1077 2424 1195 2495 Simo·

220 2545 343 2632 nidos,
376 2545 434 2614 oui
470 2545 644 2636 sanguine
677 2545 885 2636 conjunctus
914 2547 1019 2632 erat,
1051 2541 1091 2612 in
1118 2539 1197 2611 aula

220 2660 387 2730 Hieronis
422 2659 634 2751 Syracusani
670 2659 781 2749 vixit,
815 2665 849 2729 et
886 2656 1051 2729 avunculi
1084 2657 1197 2727 instar

220 2775 366 2846 athletas
393 2777 544 2847 victores
569 2777 710 2847 occinit.
742 2777 909 2846 Attamen
936 2774 1016 2844 uitae
1042 2774 1194 2866 gaudia,

222 2912 358 2962 amores
377 2893 569 2985 vinumque
588 2893 786 2964 celebrasse
802 2891 1026 2983 potissimum
1040 2891 1193 2962 videtur.

220 3009 300 3078 Non
335 3010 412 3079 sine
451 3029 557 3079 causa
597 3011 707 3101 igitur
747 3007 937 3079 scoliorum
976 3007 1100 3099 generi
1130 3007 1198 3077 tria

219 3126 415 3218 fragmenta
433 3126 638 3196 reddemus.
678 3146 753 3216 quoe
786 3123 974 3195 Athenaeus
998 3124 1042 3194 ab
1066 3122 1197 3215 injuria

221 3243 406 3314 oblivionis
431 3243 612 3319 asseruit:

144 3502 146 3507 ’
266 3511 331 3586 Α.)
345 3539 387 3554 -
407 3501 500 3583 Quid
523 3502 665 3572 suavius
690 3492 796 3595 quam
819 3501 858 3571 hi
884 3520 1033 3590 versus,
1065 3500 1194 3592 quibus

223 3623 351 3692 mirum
373 3620 411 3689 in
433 3619 577 3688 modum
603 3619 762 3713 depingit
784 3624 888 3710 poeta
918 3611 1024 3709 quam
1046 3623 1193 3689 venuste
1255 3689 1256 3692 ,

222 3743 335 3810 amata
356 3737 511 3828 quaedam
530 3735 648 3826 puella
664 3738 758 3807 iuter
780 3741 929 3807 attentos
948 3737 1097 3827 juvenes
1120 3740 1195 3807 cut-

220 3855 339 3926 tabum
366 3853 534 3943 epoculo
561 3852 708 3941 ejiciat!
802 3864 805 3869 ⁴

254 4144 291 4209 (1)
308 4142 419 4194 Instituit.
438 4139 525 4202 Orat,
537 4140 582 4192 lib.
598 4143 630 4191 X.

257 4235 293 4301 (i)
310 4236 406 4296 Horat„
424 4233 520 4294 earm„
533 4233 577 4294 lv,
595 4234 681 4294 9,1⁰.

258 4334 293 4397 (8)
311 4332 381 4383 eirea
392 4331 491 4394 olymp.
507 4328 618 4380 Lxxxll
631 4328 733 4378 llorebel
745 4328 817 4392 (tit.
830 4341 854 4378 e.
869 4327 941 4391 Che).
