3324 5482
742 726 918 797 ..35-

385 892 437 964 Ea
457 897 540 963 sunt
559 893 627 962 tria
645 892 753 964 seclia
773 916 851 987 quae
875 896 968 986 apud
990 895 1132 967 Graecos
1159 897 1311 969 maxime

342 1008 524 1100 popularia
552 1010 684 1079 luere:
723 1032 873 1103 quorum
909 1013 1150 1105 praecipuum,
1181 1019 1221 1084 ut
1259 1015 1313 1084 vi·

342 1127 481 1217 dimus,
517 1127 713 1198 Harmodii
751 1148 894 1201 carmen
934 1136 998 1202 est.
1038 1132 1135 1202 Edax
1170 1132 1313 1224 quidem

342 1249 498 1336 tempus,
523 1266 596 1316 non
615 1251 732 1317 autem
757 1267 891 1320 caecum
920 1247 1095 1338 appellare
1122 1249 1311 1336 dehemuS‚

343 1384 451 1454 quum
475 1362 562 1435 illud
588 1384 731 1436 carmen
755 1367 829 1436 sere
857 1367 1035 1457 integrum
1061 1366 1164 1437 nobis
1196 1385 1312 1436 serva«

343 1481 448 1570 verit,
471 1502 560 1573 quc,
576 1481 632 1552 vel
652 1482 778 1552 mediis
796 1482 835 1552 in
851 1480 981 1573 epulis,
999 1482 1171 1554 libertatis
1194 1502 1308 1571 amor,
1377 1500 1381 1507 ·

345 1603 644 1690 tyrannorumque
666 1598 785 1670 odium
803 1600 1067 1672 accenderetur.

772 1900 792 1987 μ
814 1898 891 1969 νιν.

572 2156 685 2206 scoum
706 2158 740 2203 nu
762 2159 923 2206 uononuu
946 2157 1091 2206 ononuu.
1157 2146 1160 2151 '

389 2399 596 2473 Plutarchus
620 2403 657 2473 in
680 2402 945 2486 Quoesttootoes
967 2401 1225 2474 Conoicctc'bus
1247 2399 1313 2491 (l),

346 2522 385 2587 ut
403 2538 510 2608 supra
529 2520 680 2592 vidimus
695 2521 764 2613 (2),
787 2521 835 2591 ait
857 2547 872 2582 α
899 2520 1061 2589 convivas
1075 2517 1229 2608 primum
1245 2536 1317 2586 una

346 2656 469 2706 omnes
504 2658 590 2708 voce
619 2640 776 2711 carmina
803 2639 842 2708 iu
875 2638 1018 2709 modum
1043 2637 1243 2724 Paeanum‚
1279 2638 1318 2704 ut

345 2751 501 2823 Deorum
518 2753 640 2828 laudes
659 2757 892 2842 celebrarent,
912 2776 1039 2827 canere
1053 2755 1173 2826 solitos
1191 2773 1281 2824 esse.
1296 2776 1313 2818 ν

345 2868 463 2940 Unum
492 2877 609 2943 tamen
643 2874 747 2945 nohis
786 2875 977 2944 notandum
1012 2879 1076 2944 est.
1119 2870 1318 2942 Paeanibus

347 2984 482 3056 scilicet
503 2984 769 3060 immiscebatur
787 2996 929 3059 παιανικὸν
953 2995 1092 3080 ἐπίρρημα
1111 2986 1183 3077 (3),
1202 2986 1241 3055 id
1266 2989 1319 3055 est

347 3104 548 3176 acclamatio
573 3113 600 3195 ἰὴ
617 3115 706 3178 Παιὰν
728 3107 796 3199 (l),
818 3127 924 3198 quam
939 3125 1122 3197 nunquam
1141 3105 1180 3174 iu
1200 3101 1319 3172 sccliis

346 3241 425 3312 quae
443 3223 671 3295 inhonorem
689 3225 845 3296 Deorum
863 3227 1001 3294 cantata
1016 3222 1135 3311 fuere,
1159 3219 1318 3311 reperire

348 3343 412 3408 est.

391 3456 546 3549 Hujusce
575 3461 675 3532 modi
702 3481 779 3533 esse
812 3461 977 3531 videntur
1009 3456 1194 3529 cantilenae
1230 3473 1317 3545 quas

384 3692 419 3759 (1)
437 3695 464 3756 1,
479 3699 502 3747 5.

386 3785 419 3850 (2)
437 3787 466 3841 P.
482 3791 505 3839 8.

385 3878 420 3944 (ι)
439 3880 538 3942 Arnen„
552 3881 603 3942 xv,
618 3884 676 3933 ceo.
689 3883 717 3932 u.

382 3972 419 4039 (lt)
438 3973 642 4036 cananeum,
657 3975 683 4037 Ι,
700 3975 749 4028 ἱι70
764 3988 771 4026 ι

471 4116 507 4184 Οἱ
522 4120 553 4182 δὲ
568 4120 732 4202 πανημέριοι
755 4116 853 4201 μολπῇ
870 4115 931 4178 Θεὸν
949 4113 1116 4194 ἱλάσκοντο,

467 4228 558 4290 καλὸν
580 4227 719 4302 ἀείδοντες
735 4217 872 4310 παιήονα,
888 4228 981 4313 κοῦροι
1000 4222 1137 4309 Ἀχαιῶν,

470 4337 626 4418 μέλποντες
647 4334 808 4423 Ἑκάεργον.
