3324 5482
867 663 1042 761 ’.46-

467 865 589 948 ’Ώρελέν
602 864 639 942 σ’,
656 862 779 945 ῶτυρλὲ
792 860 918 942 Πλοῦτε,
935 865 1005 944 μήτε
1019 869 1073 948 γῇ,
1089 862 1153 943 μήτ’
1169 865 1197 926 ἐν
1211 862 1354 948 θαλάσσῃ,
1371 862 1435 943 μήτ’

1119 972 1163 1054 [ἐν
1177 972 1283 1055 ἠπείρῳ
1298 978 1434 1053 φανῆναι,

468 1083 548 1145 ἀλλὰ
561 1082 702 1167 Τάρταρόν
717 1101 750 1144 τε
762 1079 846 1144 ναίειν
864 1078 1021 1163 αάχέρσντα
1038 1101 1044 1116 ·
1063 1079 1107 1141 διὰ
1128 1081 1159 1141 σὲ
1173 1081 1229 1163 γὰρ
1242 1079 1398 1144 πάντ’ἕστ’
1408 1078 1436 1142 ἐν

1105 1186 1365 1271 [troodanensis
1381 1190 1434 1278 (l).

468 1427 645 1502 Oportuissct
658 1431 703 1494 te,
719 1440 735 1481 o
750 1438 819 1479 caece
837 1422 936 1493 Plute,
957 1438 1049 1495 neque
1069 1423 1099 1478 in
1117 1427 1194 1480 terra
1207 1439 1299 1497 neque
1318 1423 1348 1481 in
1366 1426 1437 1483 mari

951 1520 1059 1595 [neque
1073 1522 1103 1577 in
1117 1522 1269 1579 continenti
1283 1540 1435 1597 apparere,

467 1625 496 1681 in
507 1627 623 1682 Tartaro
635 1629 730 1681 autern
740 1620 866 1679 habitare
881 1623 908 1676 et
919 1619 948 1678 in
960 1620 1118 1677 Acheronte
1132 1639 1139 1678 τ
1153 1628 1241 1694 perte
1253 1622 1328 1678 enim
1344 1623 1448 1693 omnia*

942 1701 944 1706 ¹
1033 1717 1338 1794 [veniunthominibus
1353 1722 1434 1782 mala.

512 1928 1436 2022 Itapervulgatum‚inprimisapudAthenienses,h0c

467 2067 610 2118 carmen
625 2051 711 2133 erat,
725 2049 775 2134 ut,
796 2050 885 2117 teste
903 2044 1151 2135 Aristophanis
1167 2045 1360 2117 Scholiasta
1373 2047 1433 2138 (2),

465 2162 620 2233 Pericles
639 2161 895 2233 Timocreontis
916 2161 1050 2232 scolion
1068 2161 1196 2231 iisdem
1218 2162 1292 2232 fere
1317 2163 1435 2233 verbis

464 2280 620 2351 imitatus
649 2278 716 2371 sit,
744 2299 852 2369 quum
877 2279 1018 2349 decreto
1044 2277 1311 2370 Megarensibus
1337 2300 1434 2350 corn-

465 2396 638 2467 mercium
658 2393 838 2486 quodlibet
859 2400 953 2466 terra
975 2396 1107 2467 marive
1133 2416 1213 2467 curn
1236 2396 1440 2468 Athenien·'
1469 2480 1475 2495 ρ

465 2513 563 2584 sibus
596 2511 791 2582 interdixit.
821 2512 909 2581 Inde
938 2512 1192 2604 Aristophanes
1215 2512 1263 2604 (3)
1287 2512 1433 2584 Periclis

465 2631 606 2702 decreto
631 2629 956 2721 Timocreontisque
982 2630 1090 2702 scolio
1113 2630 1299 2702 alludens:
1320 2654 1336 2700 u
1363 2631 1432 2701 Fo-

462 2747 563 2818 rebat
600 2745 721 2838 leges,
749 2746 888 2837 inquit,
922 2747 967 2817 ad
1005 2747 1194 2820 sooliorum
1233 2748 1432 2839 exemplum

463 2864 667 2954 scriptas.»

546 3113 557 3145 o
597 3086 665 3150 utu
678 3089 779 3167 νόμους
793 3089 885 3170 ὥσπερ
900 3085 1000 3149 σκολιὰ
1014 3089 1237 3170 γεγραμμένους.
1265 3114 1276 3147 r

506 3330 549 3407 1.)
567 3363 610 3376 -
639 3321 800 3394 Praxillae
829 3323 978 3394 scolion·
994 3324 1161 3395 adversus
1190 3321 1431 3393 fraudulentos

459 3439 546 3509 istos
575 3439 762 3528 hominos,
795 3439 856 3531 qui
880 3459 959 3510 sese
984 3441 1023 3510 in
1046 3439 1210 3528 tenebris,
1231 3440 1428 3532 occultant,

459 3561 498 3626 ut
527 3561 562 3627 te
592 3556 722 3628 certius
756 3555 979 3647 percutiant,
1013 3577 1118 3649 supra
1149 3555 1198 3649 (l)
1236 3556 1428 3629 attulimus.

458 3824 591 3892 ἅπτεσθαι
604 3829 696 3914 λύρας
708 3830 756 3895 καὶ
771 3828 845 3908 ᾄδειν
861 3852 868 3869 ·
889 3829 1037 3913 'Auditum
1054 3827 1221 3914 ὢ-Πλσϋσε,
1244 3830 1291 3895 καὶ
1315 3833 1386 3912 μήτε
1400 3831 1429 3894 ἐν

456 3931 494 4024 γῇ
507 3938 636 4019 ρανείης,
651 3930 725 4020 μήτε
740 3938 769 4003 ἐν
782 3938 922 4024 θαλάσσῃ.
950 3963 962 3997 u

493 4046 623 4112 (ll‘Schol.
638 4040 762 4114 Aristoph.
776 4049 897 4111 Aeliam..
914 4051 972 4103 5³².

490 4137 523 4205 (2)
540 4140 570 4189 ln
583 4139 701 4202 Acharn„
716 4145 774 4193 531.

489 4229 521 4296 (d)
542 4231 752 4300 turcopulos,
770 4239 828 4289 ool.

489 4327 525 4396 (i)
543 4329 602 4393 Peg.
617 4331 659 4384 do.
