3324 5482
751 737 927 810 -13...

347 907 517 979 institutis
553 911 589 1008 et
612 906 750 999 legibus
784 909 930 979 deorum
963 907 1113 998 hymnos
1142 910 1177 976 et
1198 905 1320 978 laudes

345 1023 572 1095 inconvictis
610 1023 653 1096 ab
689 1023 853 1099 omuibus
886 1024 1019 1097 cantari
1049 1024 1257 1114 jusserunt,
1282 1029 1330 1123 ut*

345 1143 544 1214 reverentia
578 1144 789 1232 numinum„
815 1144 890 1234 eJ'us
926 1141 1022 1235 quod
1054 1141 1244 1214 honestum
1280 1157 1320 1212 ac

345 1260 565 1330 moderatum
592 1265 645 1331 est
666 1257 755 1331 lines
776 1280 849 1330 non
868 1240 1097 1331 transilirent.
1126 1285 1144 1324 »

389 1376 493 1465 Dein,
515 1396 638 1447 omnes
656 1377 779 1472 ordine
799 1377 998 1466 cantabant,
1018 1380 1058 1446 ut
1079 1374 1316 1464 Dicaearchus,

345 1491 582 1582 Plutarchus,
624 1493 865 1585 Artemonque
907 1493 1077 1564 referunt.
1127 1489 1320 1563 Scholiasta

344 1609 590 1701 Aristophanis
613 1609 656 1700 (l)
684 1611 779 1682 addit
804 1637 823 1680 u
847 1611 1108 1684 convivatorem
1131 1612 1215 1684 dare
1237 1611 1320 1683 soli·

231 1804 236 1812 1
344 1730 419 1796 turn
461 1748 538 1798 esse
576 1727 746 1800 citharam
784 1730 1010 1801 convivarum
1046 1729 1183 1821 prime,
1212 1750 1320 1822 quem

344 1862 471 1914 canere
483 1842 640 1934 jubebat.
658 1869 675 1911 o
695 1844 827 1917 Omnes
846 1865 974 1917 canere
988 1845 1183 1934 debebant;
1200 1846 1319 1937 itaque

342 1959 478 2046 primus
497 1960 654 2030 secundo
672 1962 840 2032 citharam
860 1968 897 2034 et
909 1963 1015 2053 myrti
1034 1983 1172 2033 ramum
1193 1961 1317 2049 dabat3

343 2075 520 2145 secundus
539 2081 656 2146 autem
674 2077 790 2167 tertio,
805 2077 918 2149 donec
933 2083 968 2149 et
982 2078 1116 2149 cithare
1134 2083 1170 2149 et
1183 2083 1319 2169 myrtus

343 2192 387 2260 ad
404 2192 568 2263 ultimum
593 2195 851 2284 pervenissent.
881 2190 920 2264 Si
941 2196 1020 2287 quis
1052 2195 1196 2266 citharae
1220 2194 1319 2266 rudis

343 2313 457 2398 esset,
479 2310 537 2397 is,
573 2316 726 2402 myrtum
755 2311 975 2383 solummodo
1010 2333 1117 2383 manu
1148 2317 1317 2402 gestans,

342 2421 534 2496 Simonidis
570 2432 630 2498 aut
657 2427 849 2499 Stesichori
881 2429 946 2520 (ut
980 2428 1236 2520 Aristophanes
1273 2427 1319 2518 (2)
1423 2457 1425 2463 v

341 2541 487 2633 ejusque
512 2543 706 2616 Scholiasta
739 2545 786 2637 (3)
811 2551 971 2616 auctores
1004 2545 1130 2635 sunt),
1162 2544 1319 2617 carmina

342 2659 526 2731 canebant.
546 2662 645 2733 idem
666 2662 921 2754 Aristophanes
935 2663 1043 2732 refert
1060 2660 1113 2753 (A)
1135 2661 1318 2732 convivam

342 2777 549 2867 quemdem,
575 2780 636 2869 qui
662 2780 706 2850 ad
724 2779 836 2870 lyram
857 2778 1050 2848 Simonidis
1082 2798 1227 2850 carmen
1258 2797 1318 2849 ca·

341 2874 437 2998 nere·
459 2901 709 2984 recusaverat,
742 2895 875 2988 aliquid
905 2894 1062 2986 AEschyli
1087 2895 1130 2968 ad
1164 2901 1318 2987 myrtum

342 3027 468 3082 canere
486 3012 636 3101 J'ussum,
658 3013 838 3104 Euripidis
858 3013 1016 3084 carmina
1035 3013 1241 3085 recitavisse
1262 3011 1318 3104 (5).

387 3131 504 3213 Quum
524 3150 648 3201 omnes
669 3130 839 3219 convivae,
869 3131 928 3200 alii
951 3129 1122 3202 citharam
1147 3135 1182 3201 et
1214 3128 1321 3200 simul

341 3252 495 3338 myrtum
524 3243 705 3336 tenentes,
735 3245 794 3319 alii
821 3246 900 3317 sine
923 3246 1056 3316 cithara
1083 3245 1318 3333 cecinissent,

343 3369 522 3434 certamen
545 3362 718 3454 lyricum,
746 3368 786 3434 ut
807 3364 856 3434 ita
888 3364 1029 3452 dicam,
1053 3362 1149 3433 inter
1175 3361 1319 3453 peritis-

342 3479 450 3551 simos
493 3479 776 3571 instituebatur,
816 3501 889 3555 nou
934 3500 1036 3552 secus
1082 3483 1186 3571 atque
1228 3478 1321 3570 apud

375 3661 410 3726 (1)
427 3659 508 3712 Schol.
523 3659 597 3718 Arist.
613 3660 640 3711 in
652 3661 729 3723 nun,
744 3665 819 3716 1³55.

380 3754 415 3820 (2)
432 3754 509 3817 noa,
526 3758 599 3806 ruso.

374 3848 409 3914 (3)
425 3846 505 3900 schol.
521 3847 595 3900 Arist,
614 3847 641 3899 in
657 3847 736 3914 vesp„
752 3852 824 3902 1222.

376 3941 412 4006 (t)
430 3939 506 4002 lluo„
526 3942 591 3994 idol
603 3947 690 4006 etseq.

375 4035 410 4098 (5)
427 4034 561 4087 Scholiasta
574 4034 697 4113 Aristoph.
713 4033 795 4098 (llud,
811 4036 886 4101 idol)
901 4034 953 4086 att:
971 4034 1025 4086 ulit
1036 4032 1068 4086 ud
1082 4039 1192 4099 myrtum
1201 4034 1315 4100 AEschyli,

342 4134 375 4188 itu
392 4136 491 4189 Homeri
509 4135 619 4189 carmina
639 4137 670 4188 ud
692 4137 792 4192 laurum
815 4139 977 4192 canebantur.
995 4154 1007 4187 n
1023 4149 1086 4190 -u
1109 4128 1249 4210 Μυρρίνης
1261 4127 1316 4210 γὰρ

340 4237 446 4301 κλάδον
471 4239 640 4322 κατέχοντες
666 4233 734 4327 ᾖδε)
765 4238 801 4306 τὰ
823 4237 981 4326 Αἰσχύλου,
1008 4238 1100 4324 ὥσπερ
1127 4235 1163 4301 τὰ
1192 4235 1314 4318 Ὁμήρου

342 4348 412 4436 μετὰ
426 4345 550 4435 Stenae(
563 4373 581 4412 a
