3324 5482
631 741 808 816 ..59-

235 919 477 1009 Pisistratidae‚
501 898 611 1012 qaum
644 918 695 990 eis
730 920 823 989 esset
849 917 963 988 foedus
987 936 1068 987 cum
1093 917 1205 988 Thes-

236 1037 340 1127 salis,
370 1036 499 1108 auxilie
522 1058 541 1108 e
567 1035 749 1107 Thessalia
782 1034 995 1106 acciverunt.
1021 1034 1205 1123 Thessali,

141 1146 146 1151 ’
235 1153 375 1247 publico
403 1156 567 1243 decreto,
595 1152 691 1223 mille
711 1153 847 1244 equites
871 1152 1023 1240 misere,
1047 1153 1108 1243 qni
1126 1152 1206 1243 plu·

234 1273 343 1342 rimos
368 1271 662 1359 Lacedaemonios,
683 1271 777 1340 inter
799 1289 887 1360 quos
914 1269 1040 1339 ducem
1071 1270 1206 1340 Anchi-

236 1386 393 1477 molium,
414 1387 681 1476 interfecerunt,
697 1385 852 1477 reliquos
866 1406 950 1457 vero
965 1385 1209 1477 compulerunt

235 1507 273 1574 in
293 1523 412 1575 naves
438 1504 522 1574 Post
543 1504 617 1573 haee
645 1507 763 1574 autem
791 1504 941 1594 majores
967 1504 1098 1594 copias,
1119 1504 1208 1573 duce

238 1621 426 1692 Cleomene
449 1641 554 1711 rege,
581 1620 836 1691 Lacedaemonii
856 1621 1024 1691 adversus
1044 1620 1209 1692 Pisistra-

237 1740 327 1810 tidas
350 1738 538 1826 miserunt,
562 1743 609 1826 et,
633 1758 714 1810 cum
731 1737 908 1809 Thessalis
928 1737 1105 1830 equitibus
1124 1758 1210 1808 con-

236 1857 374 1949 gressi,
406 1876 495 1945 θος,
533 1855 659 1927 occisis
699 1854 849 1947 amplius
887 1854 1141 1947 quadraginta,
1171 1856 1210 1926 in

235 1975 354 2067 fugam
378 1980 532 2045 vertere.

279 2092 332 2163 De
357 2090 533 2183 Clitagora
568 2093 645 2183 ipsa
679 2091 824 2184 ejusque
856 2091 992 2184 origine
1021 2090 1111 2162 nihil
1137 2091 1210 2162 lere

236 2209 425 2281 novimus:
455 2229 535 2279 eam
560 2209 678 2298 enim,
700 2214 739 2279 ut
762 2209 834 2299 jam
861 2207 1014 2279 vidimus
1036 2207 1098 2301 (1),
1131 2208 1210 2278 Ves-

231 2345 368 2418 porum
387 2324 582 2397 Scholiasta
600 2324 805 2396 Thessalam
825 2325 976 2416 appellat
997 2323 1038 2416 (h)
1061 2347 1070 2410 ;
1100 2323 1210 2396 Scho-

236 2442 337 2513 liasta
370 2447 489 2513 eutem
519 2442 716 2534 Lysistratee
740 2440 803 2533 (3),
831 2440 1026 2533 Suidasque
1055 2440 1103 2534 (la)
1133 2462 1211 2512 eam

237 2558 446 2629 Laconicam
463 2559 636 2649 poetriam
651 2562 868 2648 nuncupant.
886 2557 984 2628 Illius
1001 2558 1212 2629 meminerat

236 2675 490 2767 Aristophanes
525 2677 564 2745 in
598 2669 832 2746 Doooidihos
869 2674 939 2765 (5);
970 2675 1033 2745 sed
1058 2675 1131 2745 hacc
1157 2676 1210 2746 fa-

236 2791 334 2881 hula‚
360 2793 516 2883 exceptis
541 2792 744 2884 quindecim
766 2794 810 2864 ad
834 2813 1012 2865 summum
1032 2792 1209 2881 versibus,

236 2911 373 3001 perdite
399 2915 463 2981 est.

283 3154 402 3226 11)-
423 3144 479 3213 Illi
508 3141 698 3214 scoliorum
733 3145 881 3235 generi,
907 3148 946 3214 ut
974 3145 1099 3235 opinor
1129 3145 1211 3216 red-

240 3261 376 3333 dendus
403 3266 457 3332 est
475 3260 534 3332 hic
556 3261 667 3332 Alcaei
698 3281 822 3331 versus
844 3284 851 3331 :

403 3472 543 3557 Ἀχίλλευ
557 3524 570 3557 ,,
586 3476 601 3537 ὁ
619 3481 671 3552 τᾶς
689 3476 827 3552 Σκυθικᾶς
846 3479 939 3559 μέδεις
960 3479 1012 3560 (o).

400 3646 537 3720 Achilles²
554 3649 695 3722 Scythiam
708 3647 878 3721 gubernans.

274 3865 307 3930 (1)
326 3866 443 3927 1)αωῖ.

275 3956 309 4019 (2)
332 3953 401 4018 Vesp.
416 3955 490 4007 1245.

275 4047 308 4111 (3)
327 4047 434 4112 cyson.
448 4050 521 4098 1237.

275 4146 310 4210 (t)
328 4147 398 4199 Suid.
417 4164 438 4199 v.
458 4138 645 4224 Κλειτκγόρα.

275 4245 310 4310 (5)
328 4246 407 4299 Schol.
424 4248 546 4312 Aristoph.
563 4250 588 4298 ia
600 4250 717 4315 Lycisca,
731 4257 756 4301 et
767 4250 850 4312 Soio„
864 4252 911 4304 loe.
926 4252 966 4303 cit.

275 4345 311 4412 (o)
329 4350 477 4411 Bussenius,
493 4351 532 4400 Ad
543 4352 643 4415 noeais.
662 4353 730 4413 Per„
743 4355 809 4405 ooo:
827 4368 841 4402 r
857 4343 962 4407 ’Άλλοι
982 4344 1013 4407 δέ
1027 4364 1104 4427 φασιν
1119 4345 1212 4427 ἕτερον
