3324 5482
614 692 795 764 ..95-

262 867 336 938 Hos
355 882 477 934 versus
500 863 538 931 in
564 862 735 932 Pittacum
760 863 899 933 Alcaeus
921 864 1031 952 jecit:

253 1107 309 1176 Α.)
322 1134 358 1149 ..
537 1092 591 1155 Τὸν
606 1093 799 1177 κακοπάτριδα

377 1201 515 1262 Πίττοικον
528 1200 626 1272 πόλιος
640 1193 691 1273 πᾶς’
704 1202 820 1282 ζαχόλω
833 1201 881 1264 καὶ
895 1202 1094 1285 §speculanter

377 1309 524 1370 ἐστάσαντο
539 1308 667 1389 τύραννον
682 1306 750 1386 μέγ’
761 1307 932 1383 castraturae
946 1308 1070 1384 ἀολλέες

379 1414 498 1497 adponi.
526 1460 532 1473 .
560 1461 565 1473 .
589 1420 676 1496 φωνᾷ.

527 1612 720 1669 Perniciosum
734 1616 798 1684 (aut
812 1614 913 1670 humili
926 1616 989 1671 loco
1002 1619 1119 1680 natum)

292 1711 433 1769 Pittacum
447 1711 564 1769 civitatis
581 1712 722 1768 iracundae
737 1718 766 1768 et
784 1714 959 1770 exsecranda

292 1812 486 1887 imposuerunt
500 1817 667 1884 tyrannum,
682 1812 712 1867 in
727 1813 829 1869 coelum
846 1813 970 1871 ferentes
982 1813 1107 1870 universi

293 1909 436 1968 communi
448 1927 524 1967 vooe.

267 2124 502 2215 InJ‘ustissimo
534 2128 614 2197 odio
650 2131 766 2197 motus
794 2131 864 2197 tam
895 2121 1038 2199 acriter
1055 2127 1196 2200 Alcaeus

223 2240 261 2310 in
283 2242 457 2313 Pittacum
478 2243 638 2314 invectus
658 2248 723 2332 est,
745 2264 851 2334 quem
872 2245 988 2316 omnis
1008 2247 1196 2337 antiquitas

224 2357 336 2428 civem
356 2359 566 2449 sapientem,
589 2360 863 2449 consideratum,
881 2362 1004 2451 patriae
1020 2368 1196 2432 amantem

225 2472 403 2562 celebrat,
430 2473 560 2564 quique
590 2473 796 2545 admirabile
826 2474 938 2544 civilis
966 2494 1040 2545 suae
1058 2476 1197 2546 virtutis

226 2594 470 2682 argumentum
507 2590 626 2678 dedit,
655 2611 764 2681 quum
804 2595 885 2681 post
919 2581 1043 2662 decem
1085 2613 1196 2663 annos

226 2707 429 2799 reipublicae
443 2708 784 2778 administrationem
798 2708 869 2779 sibi
886 2708 1057 2781 creditam
1067 2708 1070 2715 ’
1081 2708 1197 2780 libens

227 2824 400 2916 deposuit.

270 2941 431 3011 Vidimus
444 2941 573 3031 quibus
587 2939 757 3011 conviciis
771 2939 911 3012 Alcaeus
925 2939 1198 3033 Mitylenensem

227 3054 395 3146 populum
443 3055 671 3143 laceraverit,
709 3056 771 3146 qui
811 3057 980 3126 unanimo
1023 3076 1199 3126 consensu

230 3192 403 3243 summam
429 3175 639 3262 potestatem
668 3171 822 3259 Pittaco,
846 3173 906 3242 isti
926 3171 1040 3241 infimi
1060 3172 1201 3262 generis

229 3289 389 3375 homini,
415 3310 435 3359 e
465 3288 614 3358 Thracia
645 3287 794 3357 oriundo
820 3289 1065 3360 commisisset.
1101 3287 1200 3377 Imo,

229 3411 318 3477 teste
351 3405 508 3497 Diogene
544 3404 683 3475 Laertio
720 3404 793 3493 (l),
830 3405 995 3475 eumdem
1027 3405 1202 3475 Pittacum

232 3521 498 3614 compellaverat
532 3527 634 3612 poeta
666 3528 830 3613 σαράποδα,
854 3521 911 3592 vel
934 3533 1076 3613 σάραπον,
1109 3521 1204 3612 quod

231 3637 318 3710 latos
337 3638 446 3729 pedes
471 3638 651 3724 traheret3
673 3647 855 3730 χειροπόδην,
881 3622 976 3728 quod
997 3639 1144 3708 vulnera
1165 3638 1204 3706 in

231 3755 380 3848 pedibus
415 3753 563 3824 heberet
595 3774 674 3844 quae
710 3762 839 3845 χοιράδες
868 3753 916 3844 (2)
950 3753 1201 3845 appellantur3

232 3882 371 3965 γαύρηκα,
392 3871 485 3962 quod
507 3875 641 3941 temere
664 3871 915 3942 intumesceret
937 3890 947 3960 3
971 3879 1111 3961 ρδοπωνα,
1133 3880 1204 3959 νάο-

233 4016 336 4080 προνα,
359 3986 452 4078 qucd
475 3985 598 4077 pingui
620 3989 714 4057 esset
735 3981 930 4079 aqualiculo
951 4005 961 4073 ;
989 3991 1202 4078 ζοφοδορπίδαν,

270 4215 306 4280 (1)
322 4214 393 4280 Βίας.
409 4215 452 4276 L„
470 4214 516 4268 loc.
533 4215 576 4268 cit.

268 4305 303 4377 (2)
320 4307 410 4360 Gallice
423 4323 431 4362 r
445 4308 581 4374 engelures.
