3324 5482
741 680 919 767 ..302

352 903 357 934 ‚-
393 853 494 939 Quod
518 850 652 923 scolion
677 851 737 934 alii
765 851 901 940 Alcaeo,
935 852 995 937 ulii
1023 851 1233 942 Sapphonip
1258 850 1320 920 alii

348 971 500 1061 denique
515 968 688 1057 Praxillae,
705 967 872 1060 Sicyonia
883 970 1024 1058 poetriae
1040 969 1241 1053 tribuerunt
1256 966 1321 1057 (lt

347 1090 386 1159 Si
412 1087 665 1178 Aristophanis
687 1085 892 1156 Scholiastae
925 1085 969 1176 (2)
1002 1085 1090 1173 fides
1119 1084 1321 1171 adhibenda

349 1211 422 1288 est,
442 1204 530 1275 illud
552 1204 686 1275 scolion
708 1202 869 1274 Praxillae
888 1203 1027 1273 restitui
1051 1202 1167 1272 debet.
1191 1201 1319 1275 Nemi-¹

345 1343 430 1401 nem
450 1321 539 1412 fugit
557 1320 715 1408 Alcestin
734 1319 841 1406 Peliae
859 1318 1012 1397 filiarum
1029 1317 1300 1410 pulcherrimam
1307 1343 1327 1406 ‚j

344 1440 517 1528 Admeto,
547 1438 709 1509 Pheretis
740 1437 833 1526 lilio,
863 1437 1093 1538 Phaerarum‚
1125 1436 1317 1507 Thessaliae

344 1557 444 1639 urbis
467 1563 637 1649 tyranno,
661 1556 836 1648 nupsisse.
865 1556 1014 1648 Apollo,
1041 1555 1102 1647 qui
1120 1558 1206 1626 tuno
1228 1559 1318 1625 tem-

345 1674 464 1768 poris,
492 1675 587 1747 Jovis
612 1675 735 1765 jussu,
762 1677 923 1745 ‘armenta
939 1672 1118 1764 pascebat
1142 1672 1209 1766 (3),
1239 1671 1317 1742 Ao-

347 1795 482 1869 metum
512 1798 584 1864 tam
620 1794 844 1874 mansuetum
875 1788 1155 1882 benevolumque
1188 1789 1318 1860 herum

348 1915 515 1999 expertus
544 1916 619 1998 est,
646 1914 698 1989 ‘ut
734 1929 816 1980 eum
851 1908 915 1978 irae
950 1907 1142 1979 Artemidis
1177 1890 1316 1996 eripere

348 2027 530 2114 statuerit,
560 2047 669 2116 quum
698 2025 759 2097 illa
786 2026 932 2116 indigne
959 2025 1038 2097 tulit
1060 2045 1163 2101 suum
1185 2044 1319 2094 nomen

348 2143 386 2221 iu
406 2141 609 2231 nuptiarum
622 2141 805 2212 sacrificiis
822 2143 994 2214 omissum
1008 2143 1130 2214 fuisse.
1146 2143 1318 2212 Admetus

346 2261 385 2337 iu
407 2277 449 2329 eo
473 2263 568 2345 erat,
592 2264 637 2329 ut'
659 2266 871 2350 praematura
893 2267 1007 2331 morte
1030 2260 1182 2351 periret,
1207 2277 1316 2348 quum

347 2375 471 2466 Apollo
493 2375 644 2459 assiduis
668 2378 835 2468 precibus
858 2378 1009 2448 obtinuit
1031 2383 1070 2448 ut
1095 2378 1215 2447 Parcae
1235 2358 1339 2446 eum*

348 2493 467 2573 rivere
482 2493 661 2582 sinerent,
685 2494 717 2563 si
735 2495 815 2586 quis
833 2515 897 2586 pro
916 2494 976 2564 illo
992 2494 1084 2564 mori
1101 2493 1216 2562 vellet.
1233 2485 1316 2583 Ejus

348 2615 454 2702 pater,
472 2614 678 2701 materque,
711 2630 758 2680 ne
780 2610 874 2681 filius
900 2611 1055 2702 periret,
1082 2611 1205 2681 mortis
1230 2629 1317 2680 con-

347 2722 540 2811 ditionem,
560 2724 644 2807 licet
661 2729 763 2796 aetate
784 2728 963 2816 provecti,
987 2747 1133 2818 prorsus
1151 2727 1317 2818 repudia·
1417 2750 1420 2754 ⁴

346 2846 441 2918 runt.
465 2840 616 2913 Alcestis
637 2862 744 2929 vero,
773 2844 1013 2924 amantissima
1037 2848 1073 2914 et
1095 2844 1319 2915 devotissima

347 2957 494 3048 conjux,
523 2958 562 3026 in
590 2962 741 3028 mortem
770 2960 924 3030 maxima
948 2981 1029 3043 cum
1055 2962 1250 3052 voluptate,
1280 2967 1320 3033 ut

346 3072 395 3142 ita
426 3074 564 3161 dicam,
598 3075 719 3165 irruit,
751 3080 790 3146 ut
822 3077 969 3148 dilectus
999 3079 1147 3149 maritus
1172 3079 1315 3150 viveret.

346 3188 450 3262 Modo
475 3193 546 3262 vita
572 3192 735 3264 defuncta
763 3200 858 3283 erat,
891 3215 1000 3284 quum
1030 3195 1222 3285 Hercules,
1258 3196 1319 3288 qui

239 3331 240 3334 ’
342 3307 553 3400 jampridem
567 3309 711 3381 Admeti
726 3311 855 3402 hospes
871 3317 906 3382 et
919 3312 1053 3383 amicus
1069 3318 1157 3403 orat,
1174 3314 1317 3392 domum

343 3421 522 3535 lamentis
537 3425 712 3518 luctuque,
740 3428 1003 3515 moestissimam
1036 3430 1244 3520 ingreditur.
1277 3431 1320 3501 lli

344 3540 560 3647 etlaudacia
602 3543 712 3649 fretus
767 3543 924 3650 Alcestin
965 3547 1171 3618 inclementi
1214 3549 1321 3621 morli

380 3888 414 3951 (1)
433 3886 543 3940 Eustath.
562 3887 623 3950 (loc.
639 3887 702 3949 citt·

380 3986 414 4052 (a)
431 3987 513 4038 Schol.
536 3989 567 4038 ad
584 3990 656 4054 vesp.
675 3990 763 4041 lato:
790 4002 806 4036 u
827 3979 912 4042 Τοῦτο
936 3982 961 4042 ol
984 3983 1034 4062 μὲν
1062 3983 1213 4066 Ἀλκαίου,
1240 3984 1267 4048 οἱ
1286 3986 1318 4049 δέ

346 4078 496 4165 Σαπφοῦς,
525 4081 575 4146 οὐκ
604 4083 661 4147 liu
688 4083 738 4167 δὲ,
766 4082 841 4151 ἀλλ’
872 4085 900 4153 ἐν
931 4091 990 4164 τοῖς
1016 4087 1184 4174 Πραξίλλης
1207 4092 1317 4177 φέρεται

344 4191 504 4274 stopaulus.
524 4214 544 4255 >u
1315 4208 1318 4212 ’

378 4301 415 4371 (a)
434 4301 472 4355 cr.
488 4301 640 4372 apotolo,
655 4305 707 4371 111,
721 4308 777 4372 ns,
792 4309 816 4372 r,
830 4309 869 4376 ro.
885 4308 949 4364 nort.
967 4314 1040 4377 155⁵,
