3324 5482
890 711 1066 780 ..68-

534 883 661 954 Nonne
682 881 786 953 liceat
804 883 981 974 integrum
997 883 1102 973 hujus
1129 881 1229 952 scolii
1251 901 1397 954 sensum
1419 903 1465 953 ex

487 986 624 1071 Horatii
642 999 798 1070 carmine
816 999 857 1089 (l)
877 1020 1039 1088 sumere,
1059 1000 1210 1090 demptis
1229 1000 1364 1090 verbiS,
1385 1022 1464 1092 quae

486 1117 638 1186 nimium
656 1115 763 1185 latine
785 1119 913 1186 sonent
928 1115 946 1182 ‘l

498 1374 499 1377 ¹
520 1349 652 1421 Nullam,
677 1390 803 1407 .....
825 1365 904 1406 sacra
917 1349 973 1406 vite
987 1349 1066 1422 prius
1080 1349 1186 1406 seueris
1206 1349 1335 1407 arborem
1350 1378 1352 1383 ·

520 1450 600 1508 Circa
612 1450 681 1506 mite
697 1451 791 1505 solum
812 1488 939 1507 .....
962 1453 991 1504 et
1005 1449 1108 1504 moenia
1126 1488 1256 1508 .....

519 1552 605 1608 Siccis
620 1551 714 1607 omnia
728 1568 795 1606 nam
816 1551 887 1606 dura
901 1549 979 1605 Deus
993 1548 1158 1623 proposuit,
1175 1565 1269 1622 nequa

519 1651 666 1708 Mordaoes
680 1650 762 1705 aliter
777 1649 929 1720 diffugiunt
942 1648 1157 1709 sollicitudines,

522 1749 591 1814 Quis
605 1755 669 1823 post
683 1749 747 1805 vina
761 1765 875 1819 gravem
892 1747 1021 1803 militiam
1033 1754 1082 1803 aut
1096 1747 1262 1820 pauperiem
1274 1746 1390 1819 crepat‘l

521 1846 590 1913 Quis
601 1837 658 1903 no‘n
672 1852 700 1904 tc
714 1847 821 1919 potius,
839 1846 946 1902 Bacche
958 1851 1055 1919 pater,
1071 1851 1175 1917 teque,
1189 1846 1291 1902 decens
1304 1844 1428 1901 Venus?

520 1945 557 2000 Al
571 1960 608 2000 nc
623 1945 687 2016 quis
701 1944 805 2001 modici
816 1944 955 2002 transiliat
971 1960 1090 2000 munera
1107 1943 1221 2015 Liberi,

518 2044 675 2101 Centaurea
689 2052 785 2102 monet
799 2063 865 2102 cum
878 2044 1003 2118 Lapithis
1018 2045 1078 2100 rixa
1099 2061 1185 2118 super
1203 2059 1283 2101 mero

502 2140 682 2214 ,Debellata3
696 2128 793 2201 monet
808 2142 942 2199 Sithoniis
959 2157 1017 2198 non
1030 2142 1099 2197 levis
1113 2142 1218 2210 Evius,

521 2241 616 2306 Quum
629 2241 671 2297 fas
685 2247 769 2314 atque
783 2241 863 2297 nefas
878 2240 977 2311 exiguo
992 2241 1048 2296 fine
1063 2240 1214 2297 libidinum

520 2339 688 2396 Discernunt
702 2340 785 2397 avidi.
797 2339 862 2397 Non
875 2355 926 2410 ego
941 2344 987 2410 tc,
1004 2339 1122 2395 candide
1137 2340 1293 2408 Bassareu,

418 2489 420 2493 ,
520 2437 642 2495 Invitum
656 2439 798 2514 quatiam,
815 2455 869 2496 nec
882 2437 965 2494 variis
979 2438 1070 2494 obsita
1083 2439 1230 2494 frondibus

521 2537 580 2594 Sub
594 2537 691 2594 divum
705 2539 822 2612 rapiam.
840 2539 918 2594 Saeva
932 2543 998 2592 tene
1014 2555 1079 2595 oum
1097 2537 1282 2611 Berecynthio

520 2636 615 2693 Cornu
630 2642 778 2712 tympana,
798 2655 860 2711 quaa
874 2637 1058 2712 subsequitur
1072 2655 1161 2694 caecus
1180 2654 1259 2694 amor
1272 2636 1337 2707 sui,

521 2735 662 2792 Attollens
675 2753 796 2792 vacuum
810 2737 874 2809 plus
890 2736 978 2792 nimio
992 2736 1082 2808 gloria
1094 2736 1247 2806 verticem,

455 2914 465 2932 ·
522 2833 680 2906 Arcaniquc
693 2834 764 2892 fides
783 2835 916 2908 prodiga,
931 2835 1104 2913 perlucidior
1117 2835 1196 2892 vitro.

522 3059 611 3135 1.)-
624 3049 746 3113 ’Άλλοτε
762 3050 812 3130 μὲν
827 3050 998 3131 μελιαδέος,
1014 3049 1122 3114 ἄλλοτε
1137 3049 1165 3111 δ’

627 3155 749 3243 ὀξυτέρα)
763 3160 898 3243 τριόόλων
913 3159 1078 3243 &peripsum
1096 3158 1149 3243 (2).
1219 3176 1222 3182 '

626 3378 710 3437 Nunc
722 3379 881 3449 mellitum,
901 3393 977 3434 nunc
992 3382 1085 3435 autem

630 3479 721 3536 acrius
736 3477 826 3551 spinis
840 3477 969 3551 (vinum)
981 3475 1154 3534 haurientes.

523 3697 715 3785 a.)-0io0;
729 3702 785 3787 γὰρ
801 3702 957 3786 ἀνθρώποις
973 3700 1099 3782 bicorpor
1114 3699 1167 3779 (3).

626 3894 732 3953 Vinum
748 3893 823 3951 enim
837 3891 998 3954 hominibus
1012 3891 1169 3964 speculum.

522 4150 558 4213 tl)
579 4151 647 4211 Hor,
666 4150 759 4210 Curru,
774 4151 798 4210 l,
816 4154 856 4202 18.

522 4243 559 4309 (2)
577 4245 673 4303 Athen,
688 4244 726 4303 Il,
743 4246 783 4293 38.
800 4246 827 4292 E.

521 4338 556 4404 td)
576 4340 684 4398 Tzclzes,
702 4335 831 4402 Lycophr„
851 4340 907 4387 lli.
