<?xml version="1.0" encoding="UTF-8"?>
<!DOCTYPE html PUBLIC "-//W3C//DTD XHTML 1.0 Transitional//EN"
    "http://www.w3.org/TR/xhtml1/DTD/xhtml1-transitional.dtd">
<html xmlns="http://www.w3.org/1999/xhtml" xml:lang="en" lang="en">
 <head>
  <title>
</title>
<meta http-equiv="Content-Type" content="text/html;charset=utf-8" />
  <meta name='ocr-system' content='tesseract 3.04.00' />
  <meta name='ocr-capabilities' content='ocr_page ocr_carea ocr_par ocr_line ocrx_word'/>
</head>
<body>
  <div class='ocr_page' id='page_1' title='image "./descoliissivede00gastgoog_0086.png"; bbox 0 0 3324 5482; ppageno 0'>
   <div class='ocr_carea' id='block_1_1' title="bbox 618 708 796 779">
    <p class='ocr_par' dir='ltr' id='par_1_1' title="bbox 618 708 796 779">
     <span class='ocr_line' id='line_1_1' title="bbox 618 708 796 779; baseline 0 -15"><span class='ocrx_word' id='word_1_1' title='bbox 618 708 796 779; x_wconf 70' lang='lat'><strong>...75-</strong></span> 
     </span>
    </p>
   </div>
   <div class='ocr_carea' id='block_1_2' title="bbox 339 881 842 1252">
    <p class='ocr_par' dir='ltr' id='par_1_2' title="bbox 339 881 842 1057">
     <span class='ocr_line' id='line_1_2' title="bbox 395 881 824 958; baseline -0.012 -15"><span class='ocrx_word' id='word_1_2' title='bbox 395 887 510 958; x_wconf 84' lang='lat' dir='ltr'>Neque,</span> <span class='ocrx_word' id='word_1_3' title='bbox 525 889 558 940; x_wconf 82' lang='lat' dir='ltr'>ut</span> <span class='ocrx_word' id='word_1_4' title='bbox 578 884 680 939; x_wconf 75' lang='lat' dir='ltr'>fluetus</span> <span class='ocrx_word' id='word_1_5' title='bbox 697 881 824 938; x_wconf 86' lang='lat' dir='ltr'>marinus</span> 
     </span>
     <span class='ocr_line' id='line_1_3' title="bbox 339 983 842 1057; baseline -0.006 -15"><span class='ocrx_word' id='word_1_6' title='bbox 339 985 341 990; x_wconf 83' lang='lat'>&#39;</span> <span class='ocrx_word' id='word_1_7' title='bbox 395 986 557 1057; x_wconf 76' lang='lat' dir='ltr'>obstrepas,</span> <span class='ocrx_word' id='word_1_8' title='bbox 571 983 620 1038; x_wconf 86' lang='lat' dir='ltr'>illa</span> <span class='ocrx_word' id='word_1_9' title='bbox 637 998 703 1039; x_wconf 87' lang='lat' dir='ltr'>eum</span> <span class='ocrx_word' id='word_1_10' title='bbox 718 984 842 1039; x_wconf 82' lang='lat' dir='ltr'>clamosa</span> 
     </span>
    </p>

    <p class='ocr_par' dir='ltr' id='par_1_3' title="bbox 396 1081 702 1152">
     <span class='ocr_line' id='line_1_4' title="bbox 396 1081 702 1152; baseline -0.02 -11"><span class='ocrx_word' id='word_1_11' title='bbox 396 1083 580 1152; x_wconf 78' lang='lat' dir='ltr'>Gastrodora‚</span> <span class='ocrx_word' id='word_1_12' title='bbox 596 1081 702 1137; x_wconf 83' lang='lat' dir='ltr'>affatim</span> 
     </span>
    </p>

    <p class='ocr_par' dir='ltr' id='par_1_4' title="bbox 395 1180 817 1252">
     <span class='ocr_line' id='line_1_5' title="bbox 395 1180 817 1252; baseline -0.005 -14"><span class='ocrx_word' id='word_1_13' title='bbox 395 1182 496 1238; x_wconf 88' lang='lat' dir='ltr'>bibens</span> <span class='ocrx_word' id='word_1_14' title='bbox 510 1180 695 1237; x_wconf 85' lang='lat' dir='ltr'>domesticum</span> <span class='ocrx_word' id='word_1_15' title='bbox 709 1183 817 1252; x_wconf 86' lang='lat' dir='ltr'>petum.</span> 
     </span>
    </p>
   </div>
   <div class='ocr_carea' id='block_1_3' title="bbox 254 1346 1131 1760">
    <p class='ocr_par' dir='ltr' id='par_1_5' title="bbox 254 1346 1131 1760">
     <span class='ocr_line' id='line_1_6' title="bbox 254 1346 1071 1436; baseline -0.015 -17"><span class='ocrx_word' id='word_1_16' title='bbox 254 1367 349 1435; x_wconf 73' lang='lat' dir='ltr'><strong>v.)-</strong></span> <span class='ocrx_word' id='word_1_17' title='bbox 360 1353 401 1419; x_wconf 83' lang='grc' dir='ltr'>Οὐ</span> <span class='ocrx_word' id='word_1_18' title='bbox 414 1354 509 1436; x_wconf 80' lang='grc' dir='ltr'><strong>φίλος,</strong></span> <span class='ocrx_word' id='word_1_19' title='bbox 523 1354 555 1426; x_wconf 85' lang='grc' dir='ltr'>δς</span> <span class='ocrx_word' id='word_1_20' title='bbox 568 1355 686 1433; x_wconf 81' lang='grc' dir='ltr'>κρητῆρι</span> <span class='ocrx_word' id='word_1_21' title='bbox 699 1350 776 1431; x_wconf 85' lang='grc' dir='ltr'>παρὰ</span> <span class='ocrx_word' id='word_1_22' title='bbox 790 1348 871 1431; x_wconf 80' lang='grc' dir='ltr'>πλέῳ</span> <span class='ocrx_word' id='word_1_23' title='bbox 885 1346 1071 1420; x_wconf 80' lang='grc' dir='ltr'>οἰνοποτάζων</span> 
     </span>
     <span class='ocr_line' id='line_1_7' title="bbox 398 1457 992 1541; baseline -0.013 -16"><span class='ocrx_word' id='word_1_24' title='bbox 398 1463 493 1525; x_wconf 84' lang='grc' dir='ltr'>νείνιεα</span> <span class='ocrx_word' id='word_1_25' title='bbox 506 1461 554 1524; x_wconf 78' lang='grc' dir='ltr'>καὶ</span> <span class='ocrx_word' id='word_1_26' title='bbox 568 1459 692 1539; x_wconf 78' lang='grc' dir='ltr'>πόλεμον</span> <span class='ocrx_word' id='word_1_27' title='bbox 706 1458 874 1541; x_wconf 76' lang='grc' dir='ltr'>δακρυόεντα</span> <span class='ocrx_word' id='word_1_28' title='bbox 889 1457 969 1537; x_wconf 80' lang='grc' dir='ltr'>λέγει</span> <span class='ocrx_word' id='word_1_29' title='bbox 984 1504 992 1533; x_wconf 85' lang='grc'><em>,</em></span> 
     </span>
     <span class='ocr_line' id='line_1_8' title="bbox 359 1563 1131 1647; baseline -0.005 -16"><span class='ocrx_word' id='word_1_30' title='bbox 359 1569 428 1632; x_wconf 77' lang='grc' dir='ltr'>ἀλλ’</span> <span class='ocrx_word' id='word_1_31' title='bbox 438 1563 512 1644; x_wconf 75' lang='grc' dir='ltr'>ὅστις</span> <span class='ocrx_word' id='word_1_32' title='bbox 526 1568 658 1631; x_wconf 78' lang='grc' dir='ltr'>Μουσέων</span> <span class='ocrx_word' id='word_1_33' title='bbox 672 1564 764 1630; x_wconf 76' lang='grc' dir='ltr'>τεκαὶ</span> <span class='ocrx_word' id='word_1_34' title='bbox 778 1564 876 1644; x_wconf 81' lang='grc' dir='ltr'>ἀγλαὰ</span> <span class='ocrx_word' id='word_1_35' title='bbox 890 1564 961 1647; x_wconf 79' lang='grc' dir='ltr'>δῶρ’</span> <span class='ocrx_word' id='word_1_36' title='bbox 975 1563 1131 1647; x_wconf 75' lang='grc' dir='ltr'>Ἀφροδίτης</span> 
     </span>
     <span class='ocr_line' id='line_1_9' title="bbox 400 1672 1077 1760; baseline -0.004 -20"><span class='ocrx_word' id='word_1_37' title='bbox 400 1677 558 1758; x_wconf 72' lang='grc' dir='ltr'>συμμίσγων</span> <span class='ocrx_word' id='word_1_38' title='bbox 574 1676 676 1760; x_wconf 80' lang='grc' dir='ltr'>ἐρατῆς</span> <span class='ocrx_word' id='word_1_39' title='bbox 691 1677 841 1754; x_wconf 71' lang='grc' dir='ltr'>μνῄσκεται</span> <span class='ocrx_word' id='word_1_40' title='bbox 856 1672 1019 1755; x_wconf 73' lang='grc' dir='ltr'>εὐφροσύνης</span> <span class='ocrx_word' id='word_1_41' title='bbox 1036 1673 1077 1757; x_wconf 77' lang='lat'>(1)</span> 
     </span>
    </p>
   </div>
   <div class='ocr_carea' id='block_1_4' title="bbox 219 1843 1195 1928">
    <p class='ocr_par' dir='ltr' id='par_1_6' title="bbox 219 1843 1195 1928">
     <span class='ocr_line' id='line_1_10' title="bbox 219 1843 1195 1928; baseline -0.002 -15"><span class='ocrx_word' id='word_1_42' title='bbox 219 1858 270 1914; x_wconf 88' lang='lat' dir='ltr'>Ille</span> <span class='ocrx_word' id='word_1_43' title='bbox 293 1872 351 1913; x_wconf 88' lang='lat' dir='ltr'>non</span> <span class='ocrx_word' id='word_1_44' title='bbox 372 1855 442 1911; x_wconf 87' lang='lat' dir='ltr'>mihi</span> <span class='ocrx_word' id='word_1_45' title='bbox 458 1843 582 1926; x_wconf 75' lang='lat' dir='ltr'>amicae,</span> <span class='ocrx_word' id='word_1_46' title='bbox 607 1855 656 1928; x_wconf 79' lang='lat' dir='ltr'>qui</span> <span class='ocrx_word' id='word_1_47' title='bbox 680 1872 769 1928; x_wconf 89' lang='lat' dir='ltr'><strong>quum</strong></span> <span class='ocrx_word' id='word_1_48' title='bbox 791 1855 826 1912; x_wconf 87' lang='lat' dir='ltr'>ad</span> <span class='ocrx_word' id='word_1_49' title='bbox 848 1854 949 1928; x_wconf 86' lang='lat' dir='ltr'>poeula</span> <span class='ocrx_word' id='word_1_50' title='bbox 970 1871 1056 1928; x_wconf 84' lang='lat' dir='ltr'>supra</span> <span class='ocrx_word' id='word_1_51' title='bbox 1079 1856 1195 1911; x_wconf 89' lang='lat' dir='ltr'>modum</span> 
     </span>
    </p>
   </div>
   <div class='ocr_carea' id='block_1_5' title="bbox 290 1949 1295 2031">
    <p class='ocr_par' dir='ltr' id='par_1_7' title="bbox 290 1949 1295 2031">
     <span class='ocr_line' id='line_1_11' title="bbox 290 1949 1295 2031; baseline 0 -22"><span class='ocrx_word' id='word_1_52' title='bbox 290 1954 365 2031; x_wconf 76' lang='lat' dir='ltr'>rixas</span> <span class='ocrx_word' id='word_1_53' title='bbox 378 1954 581 2011; x_wconf 83' lang='lat' dir='ltr'>etluetuosum</span> <span class='ocrx_word' id='word_1_54' title='bbox 596 1953 704 2009; x_wconf 89' lang='lat' dir='ltr'>bellum</span> <span class='ocrx_word' id='word_1_55' title='bbox 721 1953 812 2022; x_wconf 80' lang='lat' dir='ltr'>canit,</span> <span class='ocrx_word' id='word_1_56' title='bbox 924 1949 1038 2026; x_wconf 85' lang='lat' dir='ltr'>[vinum</span> <span class='ocrx_word' id='word_1_57' title='bbox 1050 1953 1193 2024; x_wconf 86' lang='lat' dir='ltr'><strong>hauserit,</strong></span> <span class='ocrx_word' id='word_1_58' title='bbox 1293 2020 1295 2026; x_wconf 27' lang='grc' dir='ltr'>Ι</span> 
     </span>
    </p>
   </div>
   <div class='ocr_carea' id='block_1_6' title="bbox 220 2049 994 2221">
    <p class='ocr_par' dir='ltr' id='par_1_8' title="bbox 220 2049 994 2221">
     <span class='ocr_line' id='line_1_12' title="bbox 220 2049 981 2124; baseline -0.001 -18"><span class='ocrx_word' id='word_1_59' title='bbox 220 2051 270 2107; x_wconf 89' lang='lat' dir='ltr'>sed</span> <span class='ocrx_word' id='word_1_60' title='bbox 289 2051 417 2124; x_wconf 84' lang='lat' dir='ltr'>quisquis</span> <span class='ocrx_word' id='word_1_61' title='bbox 433 2049 579 2106; x_wconf 86' lang='lat' dir='ltr'>Musarum</span> <span class='ocrx_word' id='word_1_62' title='bbox 600 2055 629 2106; x_wconf 80' lang='lat' dir='ltr'>et</span> <span class='ocrx_word' id='word_1_63' title='bbox 648 2049 750 2123; x_wconf 73' lang='lat' dir='ltr'>inclyta</span> <span class='ocrx_word' id='word_1_64' title='bbox 771 2050 844 2107; x_wconf 85' lang='lat' dir='ltr'>dena</span> <span class='ocrx_word' id='word_1_65' title='bbox 862 2049 981 2105; x_wconf 86' lang='lat' dir='ltr'>Veneris</span> 
     </span>
     <span class='ocr_line' id='line_1_13' title="bbox 291 2146 994 2221; baseline 0.003 -15"><span class='ocrx_word' id='word_1_66' title='bbox 291 2151 495 2221; x_wconf 76' lang='lat' dir='ltr'>commiseenS,</span> <span class='ocrx_word' id='word_1_67' title='bbox 511 2150 639 2208; x_wconf 88' lang='lat' dir='ltr'>amabilis</span> <span class='ocrx_word' id='word_1_68' title='bbox 655 2167 766 2207; x_wconf 87' lang='lat' dir='ltr'>memor</span> <span class='ocrx_word' id='word_1_69' title='bbox 780 2155 822 2206; x_wconf 81' lang='lat' dir='ltr'>est</span> <span class='ocrx_word' id='word_1_70' title='bbox 835 2146 994 2221; x_wconf 80' lang='lat' dir='ltr'><strong>voluptatis·</strong></span> 
     </span>
    </p>
   </div>
   <div class='ocr_carea' id='block_1_7' title="bbox 221 2311 1194 2520">
    <p class='ocr_par' dir='ltr' id='par_1_9' title="bbox 221 2311 1194 2520">
     <span class='ocr_line' id='line_1_14' title="bbox 264 2311 1194 2404; baseline 0.002 -23"><span class='ocrx_word' id='word_1_71' title='bbox 264 2312 309 2382; x_wconf 84' lang='lat' dir='ltr'>Ut</span> <span class='ocrx_word' id='word_1_72' title='bbox 329 2311 484 2402; x_wconf 83' lang='lat' dir='ltr'>Alcaeus,</span> <span class='ocrx_word' id='word_1_73' title='bbox 511 2333 722 2386; x_wconf 83' lang='lat' dir='ltr'>coronarum</span> <span class='ocrx_word' id='word_1_74' title='bbox 745 2313 909 2383; x_wconf 85' lang='lat' dir='ltr'><strong>meminit</strong></span> <span class='ocrx_word' id='word_1_75' title='bbox 931 2317 1017 2404; x_wconf 72' lang='lat' dir='ltr'>qu&#39;as&#39;</span> <span class='ocrx_word' id='word_1_76' title='bbox 1042 2314 1194 2383; x_wconf 82' lang='lat' dir='ltr'>convivae</span> 
     </span>
     <span class='ocr_line' id='line_1_15' title="bbox 221 2429 421 2520; baseline -0.005 -21"><span class='ocrx_word' id='word_1_77' title='bbox 221 2429 391 2520; x_wconf 77' lang='lat' dir='ltr'>gerebant</span> <span class='ocrx_word' id='word_1_78' title='bbox 413 2454 421 2498; x_wconf 93' lang='lat'><strong>:</strong></span> 
     </span>
    </p>
   </div>
   <div class='ocr_carea' id='block_1_8' title="bbox 255 2608 918 2802">
    <p class='ocr_par' dir='ltr' id='par_1_10' title="bbox 255 2608 918 2802">
     <span class='ocr_line' id='line_1_16' title="bbox 255 2608 767 2688; baseline -0.006 -15"><span class='ocrx_word' id='word_1_79' title='bbox 255 2620 316 2688; x_wconf 81' lang='lat' dir='ltr'>x.)</span> <span class='ocrx_word' id='word_1_80' title='bbox 337 2648 372 2660; x_wconf 89' lang='lat'>-·</span> <span class='ocrx_word' id='word_1_81' title='bbox 397 2609 531 2684; x_wconf 80' lang='grc' dir='ltr'>Πλειιτδις</span> <span class='ocrx_word' id='word_1_82' title='bbox 555 2608 767 2688; x_wconf 88' lang='grc' dir='ltr'>δ’ὑποθνμίδας</span> 
     </span>
     <span class='ocr_line' id='line_1_17' title="bbox 401 2717 918 2802; baseline 0.008 -22"><span class='ocrx_word' id='word_1_83' title='bbox 401 2717 463 2800; x_wconf 85' lang='grc' dir='ltr'>περί</span> <span class='ocrx_word' id='word_1_84' title='bbox 483 2720 593 2796; x_wconf 77' lang='grc' dir='ltr'>στήθεσι</span> <span class='ocrx_word' id='word_1_85' title='bbox 613 2717 735 2791; x_wconf 82' lang='grc' dir='ltr'>λωτίνας</span> <span class='ocrx_word' id='word_1_86' title='bbox 752 2717 846 2782; x_wconf 79' lang='grc' dir='ltr'>ἔθεντο</span> <span class='ocrx_word' id='word_1_87' title='bbox 863 2721 918 2802; x_wconf 79' lang='lat'><strong>(2).</strong></span> 
     </span>
    </p>
   </div>
   <div class='ocr_carea' id='block_1_9' title="bbox 401 2898 866 3072">
    <p class='ocr_par' dir='ltr' id='par_1_11' title="bbox 401 2898 866 3072">
     <span class='ocr_line' id='line_1_18' title="bbox 401 2898 765 2973; baseline 0.008 -21"><span class='ocrx_word' id='word_1_88' title='bbox 401 2898 541 2954; x_wconf 81' lang='lat' dir='ltr'>Plieatiles</span> <span class='ocrx_word' id='word_1_89' title='bbox 553 2898 765 2973; x_wconf 79' lang='lat' dir='ltr'>hypothymidas</span> 
     </span>
     <span class='ocr_line' id='line_1_19' title="bbox 402 2997 866 3072; baseline 0.011 -20"><span class='ocrx_word' id='word_1_90' title='bbox 402 3014 417 3052; x_wconf 90' lang='lat' dir='ltr'>e</span> <span class='ocrx_word' id='word_1_91' title='bbox 431 2997 488 3053; x_wconf 85' lang='lat' dir='ltr'>loto</span> <span class='ocrx_word' id='word_1_92' title='bbox 503 2997 574 3054; x_wconf 86' lang='lat' dir='ltr'>cirea</span> <span class='ocrx_word' id='word_1_93' title='bbox 587 3003 685 3072; x_wconf 85' lang='lat' dir='ltr'>peet&#39;us</span> <span class='ocrx_word' id='word_1_94' title='bbox 699 3003 866 3057; x_wconf 57' lang='lat' dir='ltr'>statuerunt&amp;</span> 
     </span>
    </p>
   </div>
   <div class='ocr_carea' id='block_1_10' title="bbox 259 3162 1150 3389">
    <p class='ocr_par' dir='ltr' id='par_1_12' title="bbox 259 3162 1150 3389">
     <span class='ocr_line' id='line_1_20' title="bbox 259 3162 1150 3277; baseline 0 -19"><span class='ocrx_word' id='word_1_95' title='bbox 259 3204 353 3274; x_wconf 75' lang='lat' dir='ltr'><strong>Y.)-</strong></span> <span class='ocrx_word' id='word_1_96' title='bbox 372 3194 405 3257; x_wconf 89' lang='grc' dir='ltr'>Ὁ</span> <span class='ocrx_word' id='word_1_97' title='bbox 420 3162 561 3274; x_wconf 87' lang='grc' dir='ltr'>Μεγίστης</span> <span class='ocrx_word' id='word_1_98' title='bbox 576 3194 625 3256; x_wconf 78' lang='grc' dir='ltr'>δ’ὁ</span> <span class='ocrx_word' id='word_1_99' title='bbox 641 3194 778 3277; x_wconf 79' lang='grc' dir='ltr'>ριλίρρων</span> <span class='ocrx_word' id='word_1_100' title='bbox 792 3194 862 3256; x_wconf 81' lang='grc' dir='ltr'>δίιια</span> <span class='ocrx_word' id='word_1_101' title='bbox 875 3195 909 3275; x_wconf 87' lang='grc' dir='ltr'>δὴ</span> <span class='ocrx_word' id='word_1_102' title='bbox 925 3201 1026 3276; x_wconf 67' lang='grc' dir='ltr'>μῆνες,</span> <span class='ocrx_word' id='word_1_103' title='bbox 1044 3197 1105 3259; x_wconf 83' lang='grc' dir='ltr'>ἐπεί</span> <span class='ocrx_word' id='word_1_104' title='bbox 1119 3219 1150 3260; x_wconf 85' lang='grc' dir='ltr'>τε</span> 
     </span>
     <span class='ocr_line' id='line_1_21' title="bbox 363 3301 1147 3389; baseline 0.008 -26"><span class='ocrx_word' id='word_1_105' title='bbox 363 3303 540 3384; x_wconf 77' lang='grc' dir='ltr'>στεφανοῦταί</span> <span class='ocrx_word' id='word_1_106' title='bbox 554 3324 586 3365; x_wconf 85' lang='grc' dir='ltr'>τε</span> <span class='ocrx_word' id='word_1_107' title='bbox 598 3303 678 3385; x_wconf 86' lang='grc' dir='ltr'>λίιγῳ</span> <span class='ocrx_word' id='word_1_108' title='bbox 693 3301 740 3365; x_wconf 88' lang='grc' dir='ltr'>ιιαὶ</span> <span class='ocrx_word' id='word_1_109' title='bbox 756 3303 842 3384; x_wconf 87' lang='grc' dir='ltr'>τρθγα</span> <span class='ocrx_word' id='word_1_110' title='bbox 856 3302 925 3365; x_wconf 87' lang='grc' dir='ltr'>πίνει</span> <span class='ocrx_word' id='word_1_111' title='bbox 940 3303 1058 3382; x_wconf 83' lang='grc' dir='ltr'>μελιηδέ</span> <span class='ocrx_word' id='word_1_112' title='bbox 1093 3304 1147 3389; x_wconf 77' lang='lat'><strong>(3).</strong></span> 
     </span>
    </p>
   </div>
   <div class='ocr_carea' id='block_1_11' title="bbox 258 3441 1110 3644">
    <p class='ocr_par' dir='ltr' id='par_1_13' title="bbox 258 3441 1110 3644">
     <span class='ocr_line' id='line_1_22' title="bbox 258 3441 1110 3548; baseline 0.002 -19"><span class='ocrx_word' id='word_1_113' title='bbox 258 3474 361 3530; x_wconf 85' lang='lat' dir='ltr'>Decem</span> <span class='ocrx_word' id='word_1_114' title='bbox 377 3479 442 3530; x_wconf 85' lang='lat' dir='ltr'><strong>sunt</strong></span> <span class='ocrx_word' id='word_1_115' title='bbox 458 3490 571 3531; x_wconf 89' lang='lat' dir='ltr'>menses</span> <span class='ocrx_word' id='word_1_116' title='bbox 585 3474 691 3548; x_wconf 85' lang='lat' dir='ltr'>elapsi,</span> <span class='ocrx_word' id='word_1_117' title='bbox 711 3493 745 3532; x_wconf 84' lang='lat' dir='ltr'>ex</span> <span class='ocrx_word' id='word_1_118' title='bbox 758 3490 814 3548; x_wconf 85' lang='lat' dir='ltr'>que</span> <span class='ocrx_word' id='word_1_119' title='bbox 826 3474 964 3546; x_wconf 80' lang='lat' dir='ltr'>benignus</span> <span class='ocrx_word' id='word_1_120' title='bbox 978 3441 1110 3546; x_wconf 80' lang='lat' dir='ltr'>Megistes</span> 
     </span>
     <span class='ocr_line' id='line_1_23' title="bbox 259 3572 1037 3644; baseline 0.001 -15"><span class='ocrx_word' id='word_1_121' title='bbox 259 3579 408 3631; x_wconf 81' lang='lat' dir='ltr'>coronatur</span> <span class='ocrx_word' id='word_1_122' title='bbox 421 3573 540 3644; x_wconf 86' lang='lat' dir='ltr'>vimina,</span> <span class='ocrx_word' id='word_1_123' title='bbox 557 3581 585 3632; x_wconf 81' lang='lat' dir='ltr'>et</span> <span class='ocrx_word' id='word_1_124' title='bbox 602 3580 729 3633; x_wconf 83' lang='lat' dir='ltr'><strong>mustum</strong></span> <span class='ocrx_word' id='word_1_125' title='bbox 742 3573 812 3633; x_wconf 84' lang='lat' dir='ltr'>bibit</span> <span class='ocrx_word' id='word_1_126' title='bbox 826 3574 975 3632; x_wconf 84' lang='lat' dir='ltr'>mellitum.</span> <span class='ocrx_word' id='word_1_127' title='bbox 1033 3572 1037 3577; x_wconf 74' lang='grc'><strong>”</strong></span> 
     </span>
    </p>
   </div>
   <div class='ocr_carea' id='block_1_12' title="bbox 224 3771 1198 4268">
    <p class='ocr_par' dir='ltr' id='par_1_14' title="bbox 224 3771 1198 4268">
     <span class='ocr_line' id='line_1_24' title="bbox 257 3771 602 3834; baseline 0.014 -13"><span class='ocrx_word' id='word_1_128' title='bbox 257 3771 292 3834; x_wconf 83' lang='grc'>(1)</span> <span class='ocrx_word' id='word_1_129' title='bbox 312 3771 414 3833; x_wconf 66' lang='lat' dir='ltr'>Athen„</span> <span class='ocrx_word' id='word_1_130' title='bbox 430 3774 479 3834; x_wconf 83' lang='lat' dir='ltr'>xl,</span> <span class='ocrx_word' id='word_1_131' title='bbox 497 3776 555 3828; x_wconf 82' lang='grc' dir='ltr'>ίθθ.</span> <span class='ocrx_word' id='word_1_132' title='bbox 572 3778 602 3826; x_wconf 81' lang='grc' dir='ltr'>Α.</span> 
     </span>
     <span class='ocr_line' id='line_1_25' title="bbox 257 3864 1198 3930; baseline 0.002 -16"><span class='ocrx_word' id='word_1_133' title='bbox 257 3864 293 3929; x_wconf 81' lang='lat'>(2)</span> <span class='ocrx_word' id='word_1_134' title='bbox 310 3865 415 3925; x_wconf 81' lang='lat' dir='ltr'>Athen..</span> <span class='ocrx_word' id='word_1_135' title='bbox 430 3867 485 3927; x_wconf 81' lang='lat' dir='ltr'>XV,</span> <span class='ocrx_word' id='word_1_136' title='bbox 501 3869 560 3921; x_wconf 77' lang='grc' dir='ltr'>67θ.</span> <span class='ocrx_word' id='word_1_137' title='bbox 574 3866 656 3926; x_wconf 78' lang='grc' dir='ltr'>Βςσί.</span> <span class='ocrx_word' id='word_1_138' title='bbox 671 3866 745 3917; x_wconf 81' lang='lat' dir='ltr'><strong>Alcaei</strong></span> <span class='ocrx_word' id='word_1_139' title='bbox 763 3866 794 3916; x_wconf 84' lang='grc' dir='ltr'>ίι.</span> <span class='ocrx_word' id='word_1_140' title='bbox 807 3866 841 3926; x_wconf 86' lang='grc' dir='ltr'>Ν,</span> <span class='ocrx_word' id='word_1_141' title='bbox 856 3879 881 3930; x_wconf 87' lang='lat' dir='ltr'>p.</span> <span class='ocrx_word' id='word_1_142' title='bbox 895 3869 925 3916; x_wconf 85' lang='lat'>71</span> <span class='ocrx_word' id='word_1_143' title='bbox 938 3881 945 3925; x_wconf 74' lang='grc' dir='ltr'>ς</span> <span class='ocrx_word' id='word_1_144' title='bbox 962 3865 1112 3930; x_wconf 83' lang='lat' dir='ltr'>sapphonis,</span> <span class='ocrx_word' id='word_1_145' title='bbox 1131 3865 1198 3930; x_wconf 84' lang='lat' dir='ltr'>apud</span> 
     </span>
     <span class='ocr_line' id='line_1_26' title="bbox 224 3956 506 4020; baseline 0.007 -14"><span class='ocrx_word' id='word_1_146' title='bbox 224 3956 321 4019; x_wconf 72' lang='lat' dir='ltr'>Athen„</span> <span class='ocrx_word' id='word_1_147' title='bbox 335 3956 384 4020; x_wconf 79' lang='lat' dir='ltr'>XV,</span> <span class='ocrx_word' id='word_1_148' title='bbox 404 3961 462 4012; x_wconf 73' lang='grc' dir='ltr'>θθίι.</span> <span class='ocrx_word' id='word_1_149' title='bbox 478 3958 506 4009; x_wconf 87' lang='lat' dir='ltr'>C.</span> 
     </span>
     <span class='ocr_line' id='line_1_27' title="bbox 425 4075 801 4158; baseline 0.021 -25"><span class='ocrx_word' id='word_1_150' title='bbox 425 4100 442 4134; x_wconf 86' lang='lat'>«</span> <span class='ocrx_word' id='word_1_151' title='bbox 463 4075 609 4150; x_wconf 85' lang='grc' dir='ltr'>ιιάποιλαῖς</span> <span class='ocrx_word' id='word_1_152' title='bbox 630 4076 801 4158; x_wconf 82' lang='grc' dir='ltr'>ὑποθυμίδας</span> 
     </span>
     <span class='ocr_line' id='line_1_28' title="bbox 423 4182 890 4268; baseline 0.004 -23"><span class='ocrx_word' id='word_1_153' title='bbox 423 4182 560 4256; x_wconf 81' lang='grc' dir='ltr'>πλέαταις</span> <span class='ocrx_word' id='word_1_154' title='bbox 574 4183 648 4262; x_wconf 85' lang='grc' dir='ltr'>ἀμπ’</span> <span class='ocrx_word' id='word_1_155' title='bbox 659 4183 758 4266; x_wconf 76' lang='grc' dir='ltr'>ἀπαλᾷ</span> <span class='ocrx_word' id='word_1_156' title='bbox 773 4184 850 4268; x_wconf 75' lang='grc' dir='ltr'>δέρᾳ.</span> <span class='ocrx_word' id='word_1_157' title='bbox 878 4209 890 4243; x_wconf 88' lang='grc' dir='ltr'>ν</span> 
     </span>
    </p>
   </div>
   <div class='ocr_carea' id='block_1_13' title="bbox 260 4316 593 4380">
    <p class='ocr_par' dir='ltr' id='par_1_15' title="bbox 260 4316 593 4380">
     <span class='ocr_line' id='line_1_29' title="bbox 260 4316 593 4380; baseline 0.003 -13"><span class='ocrx_word' id='word_1_158' title='bbox 260 4316 289 4378; x_wconf 80' lang='grc' dir='ltr'>(θ)</span> <span class='ocrx_word' id='word_1_159' title='bbox 309 4319 410 4380; x_wconf 64' lang='lat' dir='ltr'>Athea,</span> <span class='ocrx_word' id='word_1_160' title='bbox 426 4319 475 4380; x_wconf 82' lang='lat' dir='ltr'>XV,</span> <span class='ocrx_word' id='word_1_161' title='bbox 489 4322 547 4370; x_wconf 78' lang='lat'><strong>671.</strong></span> <span class='ocrx_word' id='word_1_162' title='bbox 563 4320 593 4370; x_wconf 85' lang='lat' dir='ltr'>E.</span> 
     </span>
    </p>
   </div>
   <div class='ocr_carea' id='block_1_14' title="bbox 0 0 1666 5482">
    <p class='ocr_par' dir='ltr' id='par_1_16' title="bbox 0 0 1666 5482">
     <span class='ocr_line' id='line_1_30' title="bbox 0 0 1666 5482; baseline 0 2"><span class='ocrx_word' id='word_1_163' title='bbox 0 0 1666 5482; x_wconf 95' lang='lat' dir='ltr'> </span> 
     </span>
    </p>
   </div>
  </div>
 </body>
</html>
