3324 5482
624 709 802 778 ..79..

268 897 318 950 u.
328 892 386 960 fl.)
396 920 425 931 -
443 879 522 941 Ἀλλ’
532 877 601 959 ἄγε,
619 879 789 941 dhriddan
804 881 872 955 θοῆς
885 877 930 939 διὰ
944 878 1072 958 σέλματα
1086 879 1152 955 νηὸς

470 988 569 1068 φοίτα,
587 985 635 1048 καὶ
650 986 755 1048 κοίλων
769 985 884 1065 πώματ’
894 983 1001 1065 ἄφελκε
1013 985 1119 1065 κάδων,

432 1093 511 1177 ἄγρει
526 1093 554 1155 δ’
563 1088 636 1156 οἶνον
652 1094 763 1176 ἐρυθρὸν
777 1093 832 1155 ἀπὸ
846 1096 964 1175 τρυγός·
978 1092 1040 1155 οὐδὲ
1053 1093 1109 1176 γὰρ
1122 1093 1206 1172 ἡμεῖς

470 1206 563 1285 νήφειν
578 1203 606 1264 ἐν
621 1202 732 1286 φυλακῇ
746 1202 814 1286 τῇδε
828 1201 979 1281 &eructuet
1016 1202 1070 1282 (l).

304 1387 354 1442 Eia
369 1383 437 1456 agel
454 1401 520 1440 cum
538 1383 656 1440 oothone
678 1383 782 1456 rapidae
802 1397 853 1455 per
868 1386 990 1437 transtra
1004 1381 1081 1437 navis

340 1501 438 1554 curre,
454 1489 538 1556 atque
553 1499 568 1538 e
583 1483 657 1538 cavis
671 1482 771 1556 pocula
785 1482 919 1555 deprome
933 1481 1017 1538 cadis.

302 1580 403 1637 Funde
418 1580 515 1635 vinum
529 1579 649 1636 rubrum
666 1579 736 1635 foece
750 1583 833 1634 tenus
849 1595 857 1632 t
873 1595 939 1634 nam
957 1595 1009 1635 nos

341 1684 409 1752 potu
422 1675 564 1734 abstinere
578 1679 608 1733 in
621 1678 677 1734 isto
691 1693 803 1734 carcere
817 1693 874 1733 non
888 1677 1052 1750 poterimus.

275 1888 322 1958 At
341 1889 437 1957 enim
451 1889 599 1959 istorum
618 1888 895 1980 fragmentorum
917 1889 984 1960 tria
1003 1911 1046 1959 ex
1065 1889 1205 1981 Etcpiis

232 2004 437 2095 deprompta
461 2006 580 2074 sunt‘l
605 2004 684 2074 Non
710 2026 751 2074 eo
773 2004 916 2076 infitias.
949 2004 1115 2075 Attamen
1140 2024 1204 2074 sac·

231 2121 312 2210 pius
329 2122 422 2211 apud
446 2121 630 2211 Tyrtaeum,
654 2121 911 2211 Xenophanem
935 2119 1203 2212 Colophonium,

231 2237 472 2328 Theognidem
489 2243 524 2308 et
539 2238 800 2309 anacreontem
815 2243 960 2330 apparet
973 2239 1041 2309 hoc
1057 2259 1206 2329 poeseos

233 2373 344 2445 genus
379 2353 417 2424 in
450 2355 619 2424 conviviis
652 2355 847 2425 adhibitum
876 2356 1012 2444 fuisse,
1038 2377 1143 2447 quarn
1170 2361 1207 2426 ut

232 2490 402 2560 negemus
423 2470 540 2562 elegos
564 2473 739 2562 praecipue
765 2472 859 2541 inter
882 2470 1003 2561 epulas
1030 2477 1204 2560 cantatos,

234 2591 268 2656 et
299 2586 522 2675 potissimum
555 2588 621 2657 sub
652 2588 834 2677 epularum
867 2586 937 2658 line
971 2608 1077 2679 quem
1112 2599 1206 2675 κῶμον
1236 2583 1239 2589 ’

233 2703 465 2794 appellabant.

277 2818 471 2908 Posterius,
486 2841 558 2892 non
580 2841 684 2891 secus
706 2841 747 2891 ac
768 2821 896 2911 priscis
912 2821 1081 2911 aetatibus,
1098 2829 1207 2912 poetae

235 2933 343 3024 elegis
375 2936 432 3005 usi
459 2941 542 3006 sunt
572 2957 641 3026 quo
668 2937 795 3007 melius
829 2938 990 3008 convivia
1011 2939 1208 3010 carminum

234 3051 353 3142 lepore
377 3058 412 3123 et
439 3052 625 3124 festivitate
652 3054 850 3125 condirent.
874 3054 1002 3124 Fusius
1022 3055 1119 3125 enim
1141 3054 1206 3124 Ion

239 3167 360 3257 Chius,
377 3169 564 3260 Dyonisios
582 3170 823 3260 Atheniensis,
849 3161 990 3241 Evenus
1007 3171 1149 3259 Parius,
1174 3176 1209 3241 et

237 3284 362 3357 Critias
391 3287 620 3359 Atheniensis
644 3309 719 3379 quae
743 3289 788 3359 sit
815 3289 890 3358 vini
913 3289 1044 3376 virtus,
1077 3294 1111 3359 et
1139 3308 1208 3378 quo

234 3403 338 3472 modo
378 3403 572 3474 hibendum
608 3412 817 3478 memorant.
852 3405 928 3477 Nec
963 3406 1116 3493 chorea,
1140 3424 1209 3474 nee

235 3525 459 3609 cantus,nec
478 3521 616 3593 Cottahi
634 3522 752 3612 ludus,
779 3523 838 3594 cui
856 3525 1004 3614 juvenes
1026 3525 1208 3612 tantopere

234 3636 483 3729 indulgebant,
519 3640 562 3710 ab
595 3640 664 3710 illis
690 3641 804 3731 poetis
833 3640 974 3712 silentio
1002 3627 1208 3732 praetermitss

234 3760 357 3826 tuntur
378 3756 437 3848 (2).

280 3872 393 3962 Huic,
415 3880 453 3944 ut
476 3895 540 3965 par
559 3879 634 3963 est,
659 3874 894 3945 convivalium
924 3874 1119 3945 carminum
1145 3895 1207 3965 ge·

235 3991 332 4078 neri,
352 3991 484 4082 aliquot
502 3992 647 4062 Pindari
668 3993 863 4084 fragmenta
882 3993 1041 4064 inserere
1068 3992 1160 4062 licet.

271 4224 307 4291 (ν)
325 4226 423 4288 auen,
440 4225 562 4286 x1,oaa.
579 4228 609 4280 u.

270 4317 304 4385 (a)
325 4319 386 4372 oua
402 4319 486 4384 uui,
502 4320 530 4384 1,
543 4323 610 4386 νας
624 4319 673 4385 111,
693 4323 751 4379 aar.
