3324 5482
741 696 916 769 ...96-

343 867 436 958 quod
473 867 510 935 in
543 864 699 936 tenebris
736 871 891 938 coenaret
923 862 989 956 (1);
1019 871 1189 954 ἀγάσυρτον,
1220 865 1320 955 quod

342 982 496 1074 neglecti
525 982 638 1052 cultus
663 987 698 1052 et
730 983 892 1053 sordidus
922 986 1028 1050 esset.
1057 980 1150 1050 Huic
1176 981 1320 1051 modico

341 1097 482 1187 plebeio
511 1097 641 1169 nobilis
669 1099 729 1169 ille
766 1100 905 1170 Alcaeus
938 1097 1023 1167 vitio
1045 1098 1184 1187 uertit,
1221 1097 1322 1189 quod

342 1233 406 1302 per
426 1215 695 1305 crepusculum,
717 1216 794 1287 sine
818 1216 889 1286 ullo
913 1214 1072 1309 lumine,
1099 1214 1219 1285 eibum
1252 1237 1319 1286 su-

342 1336 467 1421 meret,
498 1332 580 1402 dum
605 1333 695 1424 ipse,
718 1333 924 1424 optimatum
951 1352 1049 1401 more
1072 1331 1109 1400 in
1135 1331 1321 1403 coenaculo

342 1444 477 1517 facibus
502 1448 726 1540 lucernisque
746 1449 943 1520 illuminato
965 1447 1138 1519 coenabat.

336 1612 340 1617 ·
387 1551 657 1634 Infestis'simum
678 1566 816 1636 hostem
838 1565 1078 1636 moderatione
1103 1584 1166 1635 sue
1185 1565 1319 1635 devicit

343 1679 522 1770 Pittacus3
552 1681 760 1774 Alcaeusque
784 1683 926 1753 ultimos
949 1701 1061 1752 annos
1085 1681 1166 1778 vitae
1193 1680 1319 1751 exsilio

344 1801 379 1866 et
409 1798 510 1869 malis
539 1799 721 1889 exagitatae
748 1799 841 1869 inter
874 1799 969 1868 cives
1004 1795 1319 1888 tranquillissimus

345 1915 574 2006 consumpsit.

326 2036 329 2040 “
388 2027 523 2120 ilgenio
549 2032 637 2102 duce
665 2032 707 2121 (2)
737 2032 830 2102 inter
862 2031 1075 2103 cavillatoria
1104 2031 1211 2101 scolia
1240 2031 1321 2101 haec

346 2145 415 2216 duo
450 2145 624 2236 CratetiS,
648 2150 754 2219 unius
787 2170 830 2218 ex
862 2149 1031 2240 Diogenis
1055 2147 1178 2239 Cynici
1208 2147 1319 2218 disci·

345 2262 459 2354 pulis,
483 2285 616 2355 ponere
639 2286 711 2336 non
739 2264 990 2335 dubitabimus.

381 2508 440 2581 Β.)
451 2537 488 2552 -
504 2498 579 2562 Τίθει
595 2497 720 2582 μαγείρῳ
735 2502 806 2578 μνᾶς
825 2497 907 2579 δέκ’,
924 2497 1011 2581 ἰατρῷ
1024 2497 1171 2580 δραχμὴν,

506 2605 609 2668 κόλακι
624 2605 752 2668 τάλαντα
765 2607 866 2687 πέντε,
885 2606 1032 2688 σνμόούλῳ
1046 2605 1171 2686 καπνόν,

508 2714 594 2798 πόρνῃ
612 2712 769 2794 τάλαντον,
784 2714 923 2796 φιλοσόφῳ
936 2712 1089 2796 τριύιόολόν
1103 2711 1158 2798 (3).

510 2927 587 2984 Pone
602 2943 692 3002 coquo
705 2929 796 2986 minas
810 2930 922 3001 decem,
938 2928 1233 3002 medicosdraohmam,

511 3026 650 3083 adulatori
665 3028 770 3084 talenta
783 3029 918 3102 quinque,
935 3027 1074 3084 causidico
1087 3027 1213 3098 fumum,

509 3125 651 3183 meretrici
667 3127 824 3197 talentum,
838 3127 1005 3201 philosopho
1028 3125 1188 3183 triobolum.

385 3350 439 3420 ο.)
455 3379 492 3394 -
509 3337 625 3424 ’Έρωτα
637 3343 718 3404 παύει
734 3340 836 3422 λιμός,
853 3340 922 3403 εἰδὲ
937 3340 997 3422 μὴ,
1017 3341 1141 3424 χρόνος·

515 3447 563 3511 ἐὰν
578 3449 609 3510 δὲ
621 3451 727 3523 τούτοις
741 3448 780 3529 μὴ
795 3449 859 3532 δύνῃ
873 3449 1013 3532 χρῆσθαι,
1030 3448 1131 3532 όρόχας
1145 3448 1196 3529 (4).

385 3705 421 3768 (1)
438 3705 477 3756 lta
487 3703 554 3755 enim
566 3711 637 3757 sonat
651 3706 751 3757 verbum
765 3696 977 3781 ζοφοδορπίδης,
992 3706 1039 3756 nisi
1049 3707 1207 3759 Plutarchum
1218 3704 1323 3770 (Merui.

303 3876 308 3887 Ι
350 3807 387 3868 11,
403 3810 460 3861 luc.
478 3809 526 3874 B.)
548 3811 619 3875 sequi
637 3811 771 3866 malimus:
792 3829 805 3862 ιι
830 3802 941 3881 ἀδόξοις
957 3804 995 3867 τὰ
1016 3804 1116 3868 πολλὰ
1137 3803 1187 3868 καὶ
1207 3805 1327 3886 φαύλοις

351 3902 486 3983 ἡδόμενος
504 3910 667 3986 συμπόταις.
693 3935 707 3969 ν

386 4015 421 4080 (2)
438 4016 501 4076 scol,
518 4019 617 4068 XLVIII
628 4025 653 4069 et
662 4021 749 4073 XLIII.

354 4198 365 4266 ί
386 4107 422 4172 (3)
440 4108 511 4174 Diog.
536 4111 638 4173 Laert,
656 4112 702 4174 VI,
722 4117 752 4176 t,
773 4117 816 4169 8⁶.
829 4143 859 4158 -
870 4117 965 4171 Flomlt
984 4116 1071 4171 crater
1087 4117 1151 4172 eirca
1164 4116 1265 4184 olymp.
1283 4117 1328 4170 cx

371 4201 437 4262 cto.
451 4214 476 4254 a.
492 4201 538 4268 c.)

389 4293 421 4362 (l)
442 4294 514 4361 Dios.
530 4296 625 4359 Luem,
641 4296 688 4354 loc.
703 4299 744 4354 ett.
