<?xml version="1.0" encoding="UTF-8"?>
<!DOCTYPE html PUBLIC "-//W3C//DTD XHTML 1.0 Transitional//EN"
    "http://www.w3.org/TR/xhtml1/DTD/xhtml1-transitional.dtd">
<html xmlns="http://www.w3.org/1999/xhtml" xml:lang="en" lang="en">
 <head>
  <title>
</title>
<meta http-equiv="Content-Type" content="text/html;charset=utf-8" />
  <meta name='ocr-system' content='tesseract 3.04.00' />
  <meta name='ocr-capabilities' content='ocr_page ocr_carea ocr_par ocr_line ocrx_word'/>
</head>
<body>
  <div class='ocr_page' id='page_1' title='image "./descoliissivede00gastgoog_0058.png"; bbox 0 0 3324 5482; ppageno 0'>
   <div class='ocr_carea' id='block_1_1' title="bbox 621 686 798 755">
    <p class='ocr_par' dir='ltr' id='par_1_1' title="bbox 621 686 798 755">
     <span class='ocr_line' id='line_1_1' title="bbox 621 686 798 755; baseline -0.006 -16"><span class='ocrx_word' id='word_1_1' title='bbox 621 686 798 755; x_wconf 78' lang='lat'>..47..</span> 
     </span>
    </p>
   </div>
   <div class='ocr_carea' id='block_1_2' title="bbox 219 856 1193 1166">
    <p class='ocr_par' dir='ltr' id='par_1_2' title="bbox 219 856 1193 1166">
     <span class='ocr_line' id='line_1_2' title="bbox 219 856 1193 951; baseline -0.001 -20"><span class='ocrx_word' id='word_1_2' title='bbox 219 861 344 933; x_wconf 71' lang='lat' dir='ltr'>Eide&#39;m</span> <span class='ocrx_word' id='word_1_3' title='bbox 363 861 520 951; x_wconf 81' lang='lat' dir='ltr'>poetriae,</span> <span class='ocrx_word' id='word_1_4' title='bbox 541 860 611 930; x_wconf 89' lang='lat' dir='ltr'>nisi</span> <span class='ocrx_word' id='word_1_5' title='bbox 625 859 741 947; x_wconf 86' lang='lat' dir='ltr'>fallor,</span> <span class='ocrx_word' id='word_1_6' title='bbox 759 856 944 929; x_wconf 88' lang='lat' dir='ltr'>consilium</span> <span class='ocrx_word' id='word_1_7' title='bbox 962 858 1193 930; x_wconf 89' lang='lat' dir='ltr'>tribuendum</span> 
     </span>
     <span class='ocr_line' id='line_1_3' title="bbox 221 973 1193 1069; baseline -0.003 -21"><span class='ocrx_word' id='word_1_8' title='bbox 221 983 294 1066; x_wconf 85' lang='lat' dir='ltr'>est,</span> <span class='ocrx_word' id='word_1_9' title='bbox 329 977 423 1069; x_wconf 87' lang='lat' dir='ltr'>quod</span> <span class='ocrx_word' id='word_1_10' title='bbox 453 978 492 1046; x_wconf 92' lang='lat' dir='ltr'>in</span> <span class='ocrx_word' id='word_1_11' title='bbox 521 975 767 1067; x_wconf 82' lang='lat' dir='ltr'>Aristophanis</span> <span class='ocrx_word' id='word_1_12' title='bbox 799 973 992 1045; x_wconf 77' lang='lat' dir='ltr'>Scholiasta</span> <span class='ocrx_word' id='word_1_13' title='bbox 1024 975 1076 1067; x_wconf 86' lang='lat' dir='ltr'>(t)</span> <span class='ocrx_word' id='word_1_14' title='bbox 1103 975 1193 1069; x_wconf 80' lang='lat' dir='ltr'>legi-</span> 
     </span>
     <span class='ocr_line' id='line_1_4' title="bbox 222 1114 324 1166; baseline -0.01 0"><span class='ocrx_word' id='word_1_15' title='bbox 222 1114 300 1166; x_wconf 89' lang='lat' dir='ltr'>mus</span> <span class='ocrx_word' id='word_1_16' title='bbox 317 1116 324 1165; x_wconf 92' lang='lat'>:</span> 
     </span>
    </p>
   </div>
   <div class='ocr_carea' id='block_1_3' title="bbox 461 1280 861 1356">
    <p class='ocr_par' dir='ltr' id='par_1_3' title="bbox 461 1280 861 1356">
     <span class='ocr_line' id='line_1_5' title="bbox 461 1280 861 1356; baseline -0.013 -10"><span class='ocrx_word' id='word_1_17' title='bbox 461 1285 552 1346; x_wconf 79' lang='grc' dir='ltr'>πάντα</span> <span class='ocrx_word' id='word_1_18' title='bbox 570 1280 649 1345; x_wconf 74' lang='grc' dir='ltr'>λίθον</span> <span class='ocrx_word' id='word_1_19' title='bbox 673 1281 761 1356; x_wconf 80' lang='grc' dir='ltr'>κίνει,</span> <span class='ocrx_word' id='word_1_20' title='bbox 859 1283 861 1287; x_wconf 81' lang='grc'><strong>’</strong></span> 
     </span>
    </p>
   </div>
   <div class='ocr_carea' id='block_1_4' title="bbox 464 1444 822 1518">
    <p class='ocr_par' dir='ltr' id='par_1_4' title="bbox 464 1444 822 1518">
     <span class='ocr_line' id='line_1_6' title="bbox 464 1444 822 1518; baseline -0.006 -16"><span class='ocrx_word' id='word_1_21' title='bbox 464 1445 583 1502; x_wconf 87' lang='lat' dir='ltr'><strong>Omnem</strong></span> <span class='ocrx_word' id='word_1_22' title='bbox 596 1444 719 1518; x_wconf 77' lang='lat' dir='ltr'>lapidem</span> <span class='ocrx_word' id='word_1_23' title='bbox 733 1458 822 1501; x_wconf 87' lang='lat' dir='ltr'>move.</span> 
     </span>
    </p>
   </div>
   <div class='ocr_carea' id='block_1_5' title="bbox 268 1612 1397 1705">
    <p class='ocr_par' dir='ltr' id='par_1_5' title="bbox 268 1612 1397 1705">
     <span class='ocr_line' id='line_1_7' title="bbox 268 1612 1397 1705; baseline -0.006 -17"><span class='ocrx_word' id='word_1_24' title='bbox 268 1617 424 1688; x_wconf 88' lang='lat' dir='ltr'>Subaudi</span> <span class='ocrx_word' id='word_1_25' title='bbox 450 1639 457 1686; x_wconf 90' lang='lat'>:</span> <span class='ocrx_word' id='word_1_26' title='bbox 486 1642 503 1679; x_wconf 86' lang='lat'>«</span> <span class='ocrx_word' id='word_1_27' title='bbox 534 1636 616 1687; x_wconf 89' lang='lat' dir='ltr'>nam</span> <span class='ocrx_word' id='word_1_28' title='bbox 648 1615 726 1685; x_wconf 89' lang='lat' dir='ltr'>fieri</span> <span class='ocrx_word' id='word_1_29' title='bbox 751 1618 866 1705; x_wconf 90' lang='lat' dir='ltr'>potest</span> <span class='ocrx_word' id='word_1_30' title='bbox 897 1617 937 1683; x_wconf 90' lang='lat' dir='ltr'>ut</span> <span class='ocrx_word' id='word_1_31' title='bbox 964 1632 1111 1704; x_wconf 88' lang='lat' dir='ltr'>serpens</span> <span class='ocrx_word' id='word_1_32' title='bbox 1142 1612 1194 1682; x_wconf 90' lang='lat' dir='ltr'>ibi</span> <span class='ocrx_word' id='word_1_33' title='bbox 1321 1675 1324 1681; x_wconf 85' lang='lat'>.</span> <span class='ocrx_word' id='word_1_34' title='bbox 1392 1665 1397 1673; x_wconf 92' lang='lat'><strong>.</strong></span> 
     </span>
    </p>
   </div>
   <div class='ocr_carea' id='block_1_6' title="bbox 224 1732 382 1804">
    <p class='ocr_par' dir='ltr' id='par_1_6' title="bbox 224 1732 382 1804">
     <span class='ocr_line' id='line_1_8' title="bbox 224 1732 382 1804; baseline -0.019 -2"><span class='ocrx_word' id='word_1_35' title='bbox 224 1732 339 1804; x_wconf 88' lang='lat' dir='ltr'>lateat.</span> <span class='ocrx_word' id='word_1_36' title='bbox 365 1757 382 1801; x_wconf 82' lang='grc' dir='ltr'>ν</span> 
     </span>
    </p>
   </div>
   <div class='ocr_carea' id='block_1_7' title="bbox 224 1918 1196 2361">
    <p class='ocr_par' dir='ltr' id='par_1_7' title="bbox 224 1918 1196 2361">
     <span class='ocr_line' id='line_1_9' title="bbox 268 1918 1194 2013; baseline 0.001 -26"><span class='ocrx_word' id='word_1_37' title='bbox 268 1932 320 2002; x_wconf 83' lang='grc' dir='ltr'><strong>.ι.)</strong></span> <span class='ocrx_word' id='word_1_38' title='bbox 338 1921 450 1990; x_wconf 84' lang='lat' dir='ltr'>-Ex</span> <span class='ocrx_word' id='word_1_39' title='bbox 472 1919 636 1991; x_wconf 86' lang='lat' dir='ltr'>omnihus</span> <span class='ocrx_word' id='word_1_40' title='bbox 659 1925 778 1992; x_wconf 87' lang='lat' dir='ltr'>autern</span> <span class='ocrx_word' id='word_1_41' title='bbox 795 1921 931 2012; x_wconf 71' lang='lat' dir='ltr'>spoliis,</span> <span class='ocrx_word' id='word_1_42' title='bbox 957 1942 1031 2013; x_wconf 85' lang='lat' dir='ltr'>quae</span> <span class='ocrx_word' id='word_1_43' title='bbox 1054 1919 1098 1990; x_wconf 90' lang='lat' dir='ltr'>ad</span> <span class='ocrx_word' id='word_1_44' title='bbox 1118 1918 1194 1989; x_wconf 88' lang='lat' dir='ltr'>vitae</span> 
     </span>
     <span class='ocr_line' id='line_1_10' title="bbox 224 2035 1191 2129; baseline -0.006 -19"><span class='ocrx_word' id='word_1_45' title='bbox 224 2040 409 2110; x_wconf 80' lang='lat' dir='ltr'>utilitatem</span> <span class='ocrx_word' id='word_1_46' title='bbox 452 2042 636 2128; x_wconf 89' lang='lat' dir='ltr'>spectant,</span> <span class='ocrx_word' id='word_1_47' title='bbox 680 2038 981 2129; x_wconf 85' lang='lat' dir='ltr'>pulcherrimum,</span> <span class='ocrx_word' id='word_1_48' title='bbox 1023 2035 1191 2128; x_wconf 85' lang='lat' dir='ltr'>dignissi-</span> 
     </span>
     <span class='ocr_line' id='line_1_11' title="bbox 226 2153 1196 2247; baseline -0.005 -22"><span class='ocrx_word' id='word_1_49' title='bbox 226 2177 392 2247; x_wconf 82' lang='lat' dir='ltr'><strong>mumque</strong></span> <span class='ocrx_word' id='word_1_50' title='bbox 421 2155 464 2224; x_wconf 90' lang='lat' dir='ltr'>ad</span> <span class='ocrx_word' id='word_1_51' title='bbox 494 2154 589 2245; x_wconf 91' lang='lat' dir='ltr'>quod</span> <span class='ocrx_word' id='word_1_52' title='bbox 617 2153 774 2226; x_wconf 91' lang='lat' dir='ltr'>animum</span> <span class='ocrx_word' id='word_1_53' title='bbox 806 2157 1049 2243; x_wconf 87' lang='lat' dir='ltr'>attendamus,</span> <span class='ocrx_word' id='word_1_54' title='bbox 1077 2172 1196 2223; x_wconf 90' lang='lat' dir='ltr'>nonna</span> 
     </span>
     <span class='ocr_line' id='line_1_12' title="bbox 226 2270 1196 2361; baseline -0.003 -19"><span class='ocrx_word' id='word_1_55' title='bbox 226 2293 369 2343; x_wconf 84' lang='lat' dir='ltr'>carmen</span> <span class='ocrx_word' id='word_1_56' title='bbox 390 2270 478 2341; x_wconf 91' lang='lat' dir='ltr'>illud</span> <span class='ocrx_word' id='word_1_57' title='bbox 498 2276 570 2360; x_wconf 82' lang='lat' dir='ltr'>est,</span> <span class='ocrx_word' id='word_1_58' title='bbox 595 2272 690 2361; x_wconf 89' lang='lat' dir='ltr'>quod</span> <span class='ocrx_word' id='word_1_59' title='bbox 712 2270 919 2343; x_wconf 82' lang='lat' dir='ltr'>Aristoteles</span> <span class='ocrx_word' id='word_1_60' title='bbox 943 2271 1196 2342; x_wconf 87' lang='lat' dir='ltr'>celeberrimus</span> 
     </span>
    </p>
   </div>
   <div class='ocr_carea' id='block_1_8' title="bbox 90 2388 1198 2480">
    <p class='ocr_par' dir='ltr' id='par_1_8' title="bbox 90 2388 1198 2480">
     <span class='ocr_line' id='line_1_13' title="bbox 90 2388 1198 2480; baseline -0.002 -23"><span class='ocrx_word' id='word_1_61' title='bbox 90 2473 94 2479; x_wconf 26' lang='grc' dir='ltr'>Ι</span> <span class='ocrx_word' id='word_1_62' title='bbox 226 2388 467 2480; x_wconf 84' lang='lat' dir='ltr'>philosophus,</span> <span class='ocrx_word' id='word_1_63' title='bbox 481 2388 647 2478; x_wconf 84' lang='lat' dir='ltr'>idemque</span> <span class='ocrx_word' id='word_1_64' title='bbox 661 2388 855 2459; x_wconf 85' lang='lat' dir='ltr'>Alexandri</span> <span class='ocrx_word' id='word_1_65' title='bbox 869 2390 989 2479; x_wconf 82' lang='lat' dir='ltr'>Magni</span> <span class='ocrx_word' id='word_1_66' title='bbox 1004 2391 1198 2479; x_wconf 84' lang='lat' dir='ltr'>praeceptor</span> 
     </span>
    </p>
   </div>
   <div class='ocr_carea' id='block_1_9' title="bbox 226 2501 1199 2831">
    <p class='ocr_par' dir='ltr' id='par_1_9' title="bbox 226 2501 1199 2831">
     <span class='ocr_line' id='line_1_14' title="bbox 227 2501 1199 2596; baseline -0.005 -21"><span class='ocrx_word' id='word_1_67' title='bbox 227 2505 396 2596; x_wconf 84' lang='lat' dir='ltr'>scripsit‘l</span> <span class='ocrx_word' id='word_1_68' title='bbox 419 2504 496 2573; x_wconf 90' lang='lat' dir='ltr'>Hoc</span> <span class='ocrx_word' id='word_1_69' title='bbox 518 2509 637 2574; x_wconf 89' lang='lat' dir='ltr'>tamen</span> <span class='ocrx_word' id='word_1_70' title='bbox 656 2504 808 2593; x_wconf 87' lang='lat' dir='ltr'>soolion,</span> <span class='ocrx_word' id='word_1_71' title='bbox 830 2509 874 2576; x_wconf 90' lang='lat' dir='ltr'>ad</span> <span class='ocrx_word' id='word_1_72' title='bbox 892 2506 1075 2575; x_wconf 87' lang='lat' dir='ltr'>Hermiam</span> <span class='ocrx_word' id='word_1_73' title='bbox 1092 2501 1199 2573; x_wconf 82' lang='lat' dir='ltr'>Atar-</span> 
     </span>
     <span class='ocr_line' id='line_1_15' title="bbox 226 2620 1196 2713; baseline -0.005 -19"><span class='ocrx_word' id='word_1_74' title='bbox 226 2643 393 2712; x_wconf 73' lang='lat' dir='ltr'>mnsam,</span> <span class='ocrx_word' id='word_1_75' title='bbox 418 2623 570 2693; x_wconf 85' lang='lat' dir='ltr'>amicum</span> <span class='ocrx_word' id='word_1_76' title='bbox 592 2621 813 2713; x_wconf 87' lang='lat' dir='ltr'>philosophi,</span> <span class='ocrx_word' id='word_1_77' title='bbox 838 2623 980 2712; x_wconf 86' lang='lat' dir='ltr'>proprie</span> <span class='ocrx_word' id='word_1_78' title='bbox 1001 2620 1196 2712; x_wconf 73' lang='lat' dir='ltr'>perimone,</span> 
     </span>
     <span class='ocr_line' id='line_1_16' title="bbox 226 2737 1197 2831; baseline -0.007 -20"><span class='ocrx_word' id='word_1_79' title='bbox 226 2760 425 2831; x_wconf 90' lang='lat' dir='ltr'>nunquam,</span> <span class='ocrx_word' id='word_1_80' title='bbox 446 2743 485 2809; x_wconf 91' lang='lat' dir='ltr'>ut</span> <span class='ocrx_word' id='word_1_81' title='bbox 499 2738 656 2827; x_wconf 87' lang='lat' dir='ltr'>videtur,</span> <span class='ocrx_word' id='word_1_82' title='bbox 678 2739 845 2829; x_wconf 90' lang='lat' dir='ltr'>populare</span> <span class='ocrx_word' id='word_1_83' title='bbox 868 2738 990 2808; x_wconf 88' lang='lat' dir='ltr'>evasit.</span> <span class='ocrx_word' id='word_1_84' title='bbox 1009 2737 1054 2821; x_wconf 82' lang='lat' dir='ltr'>Ut</span> <span class='ocrx_word' id='word_1_85' title='bbox 1072 2739 1112 2805; x_wconf 90' lang='lat' dir='ltr'>ut</span> <span class='ocrx_word' id='word_1_86' title='bbox 1130 2738 1197 2822; x_wconf 82' lang='lat' dir='ltr'>est,</span> 
     </span>
    </p>
   </div>
   <div class='ocr_carea' id='block_1_10' title="bbox 226 2852 1199 3301">
    <p class='ocr_par' dir='ltr' id='par_1_10' title="bbox 226 2852 1199 3301">
     <span class='ocr_line' id='line_1_17' title="bbox 226 2852 1198 2947; baseline -0.008 -19"><span class='ocrx_word' id='word_1_87' title='bbox 226 2857 362 2928; x_wconf 91' lang='lat' dir='ltr'>nullum</span> <span class='ocrx_word' id='word_1_88' title='bbox 384 2856 502 2926; x_wconf 84' lang='lat' dir='ltr'>existit</span> <span class='ocrx_word' id='word_1_89' title='bbox 527 2855 706 2927; x_wconf 83' lang='lat' dir='ltr'>convivale</span> <span class='ocrx_word' id='word_1_90' title='bbox 731 2876 888 2944; x_wconf 84' lang='lat' dir='ltr'>carmen,</span> <span class='ocrx_word' id='word_1_91' title='bbox 909 2857 947 2926; x_wconf 93' lang='lat' dir='ltr'>in</span> <span class='ocrx_word' id='word_1_92' title='bbox 968 2876 1036 2947; x_wconf 86' lang='lat' dir='ltr'>quo</span> <span class='ocrx_word' id='word_1_93' title='bbox 1057 2852 1198 2945; x_wconf 81' lang='lat' dir='ltr'>dignius</span> 
     </span>
     <span class='ocr_line' id='line_1_18' title="bbox 227 2968 1199 3064; baseline -0.008 -20"><span class='ocrx_word' id='word_1_94' title='bbox 227 2972 449 3064; x_wconf 84' lang='lat' dir='ltr'>nobiliusque</span> <span class='ocrx_word' id='word_1_95' title='bbox 468 2972 587 3043; x_wconf 86' lang='lat' dir='ltr'>Virtus</span> <span class='ocrx_word' id='word_1_96' title='bbox 613 2971 822 3042; x_wconf 85' lang='lat' dir='ltr'>celebretur.</span> <span class='ocrx_word' id='word_1_97' title='bbox 837 3011 880 3025; x_wconf 92' lang='lat'>-</span> <span class='ocrx_word' id='word_1_98' title='bbox 894 2972 959 3042; x_wconf 88' lang='lat' dir='ltr'>His</span> <span class='ocrx_word' id='word_1_99' title='bbox 982 2972 1056 3042; x_wconf 82' lang='lat' dir='ltr'>lere</span> <span class='ocrx_word' id='word_1_100' title='bbox 1080 2968 1199 3039; x_wconf 86' lang='lat' dir='ltr'>verbis</span> 
     </span>
     <span class='ocr_line' id='line_1_19' title="bbox 228 3086 1197 3183; baseline -0.006 -22"><span class='ocrx_word' id='word_1_101' title='bbox 228 3090 395 3183; x_wconf 79' lang='lat' dir='ltr'>Stagirites</span> <span class='ocrx_word' id='word_1_102' title='bbox 427 3088 561 3159; x_wconf 84' lang='lat' dir='ltr'>scolion</span> <span class='ocrx_word' id='word_1_103' title='bbox 590 3088 767 3180; x_wconf 83' lang='lat' dir='ltr'>Diogenes</span> <span class='ocrx_word' id='word_1_104' title='bbox 800 3090 961 3162; x_wconf 88' lang='lat' dir='ltr'>Laertius</span> <span class='ocrx_word' id='word_1_105' title='bbox 997 3087 1049 3179; x_wconf 78' lang='lat'>(2)</span> <span class='ocrx_word' id='word_1_106' title='bbox 1084 3086 1197 3157; x_wconf 89' lang='lat' dir='ltr'>Athe·</span> 
     </span>
     <span class='ocr_line' id='line_1_20' title="bbox 228 3206 823 3301; baseline -0.003 -21"><span class='ocrx_word' id='word_1_107' title='bbox 228 3228 392 3301; x_wconf 75' lang='lat' dir='ltr'>natusque</span> <span class='ocrx_word' id='word_1_108' title='bbox 415 3206 468 3299; x_wconf 87' lang='grc'>(3)</span> <span class='ocrx_word' id='word_1_109' title='bbox 492 3207 597 3279; x_wconf 91' lang='lat' dir='ltr'>nobis</span> <span class='ocrx_word' id='word_1_110' title='bbox 620 3208 823 3279; x_wconf 90' lang='lat' dir='ltr'>tradidere:</span> 
     </span>
    </p>
   </div>
   <div class='ocr_carea' id='block_1_11' title="bbox 385 3396 1023 4021">
    <p class='ocr_par' dir='ltr' id='par_1_11' title="bbox 387 3396 934 3590">
     <span class='ocr_line' id='line_1_21' title="bbox 390 3396 934 3482; baseline 0.002 -25"><span class='ocrx_word' id='word_1_111' title='bbox 390 3396 509 3481; x_wconf 82' lang='grc' dir='ltr'>Ἀρετὰ,</span> <span class='ocrx_word' id='word_1_112' title='bbox 525 3397 689 3477; x_wconf 78' lang='grc' dir='ltr'>πολύμοχθε</span> <span class='ocrx_word' id='word_1_113' title='bbox 704 3397 779 3476; x_wconf 79' lang='grc' dir='ltr'>γένει</span> <span class='ocrx_word' id='word_1_114' title='bbox 798 3396 934 3482; x_wconf 73' lang='grc' dir='ltr'>ὀροτεῖῳ,</span> 
     </span>
     <span class='ocr_line' id='line_1_22' title="bbox 387 3504 770 3590; baseline -0.013 -20"><span class='ocrx_word' id='word_1_115' title='bbox 387 3508 501 3590; x_wconf 76' lang='grc' dir='ltr'>θῄρομοι</span> <span class='ocrx_word' id='word_1_116' title='bbox 521 3504 676 3569; x_wconf 80' lang='grc' dir='ltr'>νοὶλλνοτον</span> <span class='ocrx_word' id='word_1_117' title='bbox 699 3505 770 3588; x_wconf 75' lang='lat' dir='ltr'>etp,</span> 
     </span>
    </p>

    <p class='ocr_par' dir='ltr' id='par_1_12' title="bbox 387 3614 831 3697">
     <span class='ocr_line' id='line_1_23' title="bbox 387 3614 831 3697; baseline -0.005 -21"><span class='ocrx_word' id='word_1_118' title='bbox 387 3617 437 3689; x_wconf 81' lang='grc' dir='ltr'>οᾶς</span> <span class='ocrx_word' id='word_1_119' title='bbox 456 3615 538 3697; x_wconf 78' lang='grc' dir='ltr'>πέρι,</span> <span class='ocrx_word' id='word_1_120' title='bbox 563 3614 702 3697; x_wconf 81' lang='grc' dir='ltr'>παρθένε,</span> <span class='ocrx_word' id='word_1_121' title='bbox 724 3616 831 3696; x_wconf 77' lang='grc' dir='ltr'>μορφᾶς</span> 
     </span>
    </p>

    <p class='ocr_par' dir='ltr' id='par_1_13' title="bbox 385 3721 1023 4021">
     <span class='ocr_line' id='line_1_24' title="bbox 387 3721 987 3802; baseline -0.007 -15"><span class='ocrx_word' id='word_1_122' title='bbox 387 3723 435 3787; x_wconf 79' lang='grc' dir='ltr'>καὶ</span> <span class='ocrx_word' id='word_1_123' title='bbox 449 3725 541 3786; x_wconf 77' lang='grc' dir='ltr'>θανεῖν</span> <span class='ocrx_word' id='word_1_124' title='bbox 555 3722 683 3797; x_wconf 61' lang='grc' dir='ltr'>ζαλωτὸς</span> <span class='ocrx_word' id='word_1_125' title='bbox 697 3721 726 3786; x_wconf 80' lang='grc' dir='ltr'>ἐν</span> <span class='ocrx_word' id='word_1_126' title='bbox 746 3721 866 3783; x_wconf 80' lang='grc' dir='ltr'>Ἑλλάδι</span> <span class='ocrx_word' id='word_1_127' title='bbox 881 3722 987 3802; x_wconf 79' lang='grc' dir='ltr'>πότμος</span> 
     </span>
     <span class='ocr_line' id='line_1_25' title="bbox 385 3829 1023 3915; baseline -0.009 -19"><span class='ocrx_word' id='word_1_128' title='bbox 385 3830 432 3896; x_wconf 75' lang='grc' dir='ltr'>καὶ</span> <span class='ocrx_word' id='word_1_129' title='bbox 447 3832 545 3906; x_wconf 75' lang='grc' dir='ltr'>πόνους</span> <span class='ocrx_word' id='word_1_130' title='bbox 558 3829 659 3911; x_wconf 87' lang='grc' dir='ltr'>τλῆναι</span> <span class='ocrx_word' id='word_1_131' title='bbox 674 3831 814 3915; x_wconf 79' lang='grc' dir='ltr'>μαλεροὺς</span> <span class='ocrx_word' id='word_1_132' title='bbox 827 3829 991 3914; x_wconf 78' lang='grc' dir='ltr'>ἀκάμαντος</span> <span class='ocrx_word' id='word_1_133' title='bbox 1004 3829 1023 3908; x_wconf 60' lang='lat' dir='ltr'>‘ss</span> 
     </span>
     <span class='ocr_line' id='line_1_26' title="bbox 389 3937 764 4021; baseline 0 -19"><span class='ocrx_word' id='word_1_134' title='bbox 389 3942 462 4003; x_wconf 87' lang='grc' dir='ltr'>τοῖον</span> <span class='ocrx_word' id='word_1_135' title='bbox 483 3937 527 4002; x_wconf 78' lang='grc' dir='ltr'>ἐπὶ</span> <span class='ocrx_word' id='word_1_136' title='bbox 543 3937 628 4021; x_wconf 80' lang='grc' dir='ltr'>φρένα</span> <span class='ocrx_word' id='word_1_137' title='bbox 646 3938 764 4016; x_wconf 78' lang='grc' dir='ltr'>ὄοῖλλενς</span> 
     </span>
    </p>
   </div>
   <div class='ocr_carea' id='block_1_12' title="bbox 220 4124 602 4377">
    <p class='ocr_par' dir='ltr' id='par_1_14' title="bbox 220 4124 602 4377">
     <span class='ocr_line' id='line_1_27' title="bbox 264 4124 588 4191; baseline 0.006 -15"><span class='ocrx_word' id='word_1_138' title='bbox 264 4126 300 4191; x_wconf 82' lang='grc'>(1)</span> <span class='ocrx_word' id='word_1_139' title='bbox 317 4125 347 4177; x_wconf 91' lang='lat' dir='ltr'>ln</span> <span class='ocrx_word' id='word_1_140' title='bbox 362 4124 517 4187; x_wconf 72' lang='lat' dir='ltr'>Thesmoplr„</span> <span class='ocrx_word' id='word_1_141' title='bbox 531 4127 588 4178; x_wconf 78' lang='lat'><strong>529.</strong></span> 
     </span>
     <span class='ocr_line' id='line_1_28' title="bbox 220 4208 568 4289; baseline -0.009 -18"><span class='ocrx_word' id='word_1_142' title='bbox 220 4208 224 4213; x_wconf 86' lang='grc'><em>“</em></span> <span class='ocrx_word' id='word_1_143' title='bbox 265 4218 300 4284; x_wconf 81' lang='grc' dir='ltr'>(ο)</span> <span class='ocrx_word' id='word_1_144' title='bbox 318 4219 442 4289; x_wconf 55' lang='lat' dir='ltr'>uruat..</span> <span class='ocrx_word' id='word_1_145' title='bbox 458 4219 486 4279; x_wconf 91' lang='grc' dir='ltr'>ν,</span> <span class='ocrx_word' id='word_1_146' title='bbox 504 4222 527 4277; x_wconf 81' lang='lat' dir='ltr'>r.</span> <span class='ocrx_word' id='word_1_147' title='bbox 543 4221 568 4270; x_wconf 83' lang='grc' dir='ltr'>ν.</span> 
     </span>
     <span class='ocr_line' id='line_1_29' title="bbox 267 4309 602 4377; baseline -0.003 -14"><span class='ocrx_word' id='word_1_148' title='bbox 267 4309 304 4376; x_wconf 78' lang='lat'>(8)</span> <span class='ocrx_word' id='word_1_149' title='bbox 321 4312 420 4377; x_wconf 74' lang='lat' dir='ltr'>nahem,</span> <span class='ocrx_word' id='word_1_150' title='bbox 435 4311 485 4377; x_wconf 86' lang='lat' dir='ltr'>XV,</span> <span class='ocrx_word' id='word_1_151' title='bbox 500 4313 559 4368; x_wconf 77' lang='grc'><strong>696.</strong></span> <span class='ocrx_word' id='word_1_152' title='bbox 573 4309 602 4362; x_wconf 87' lang='grc' dir='ltr'>Β.</span> 
     </span>
    </p>
   </div>
   <div class='ocr_carea' id='block_1_13' title="bbox 0 0 1681 5482">
    <p class='ocr_par' dir='ltr' id='par_1_15' title="bbox 0 0 1681 5482">
     <span class='ocr_line' id='line_1_30' title="bbox 0 0 1681 5482; baseline 0 0"><span class='ocrx_word' id='word_1_153' title='bbox 0 0 1681 5482; x_wconf 95' lang='lat' dir='ltr'> </span> 
     </span>
    </p>
   </div>
  </div>
 </body>
</html>
