3324 5482
791 693 1017 798 b-rs-

491 865 595 957 Apud
617 863 833 934 recentiores
857 886 933 934 rem
958 865 1198 956 copiosissime
1224 869 1418 936 tractavere

449 982 576 1054 Godol.
607 982 833 1052 Hermannus
857 982 925 1073 (l),
951 982 1028 1054 Car.
1057 984 1143 1054 Dav.
1164 983 1319 1074 ilgerius
1346 982 1416 1075 (2),

447 1122 610 1173 necnon
633 1099 744 1197 uu
768 1098 1002 1170 Grotelendus
1023 1099 1082 1192 (3).
1106 1100 1272 1173 Attamen
1290 1096 1418 1171 doctis·
1469 1172 1472 1179 ,

444 1221 528 1291 simi
553 1219 606 1288 illi
635 1218 704 1287 viri
729 1219 858 1308 soepius
885 1218 979 1289 inter
1008 1241 1046 1290 se
1075 1221 1271 1308 dissident3
1299 1241 1416 1311 neque

443 1335 554 1408 semel
568 1337 606 1405 in
621 1356 746 1405 eorum
761 1336 926 1427 operibus
942 1337 1065 1407 eadem
1081 1337 1188 1408 scolia
1201 1358 1274 1407 non
1288 1337 1416 1407 iisdem

441 1455 564 1526 metris
588 1460 647 1525 aut
665 1453 823 1524 numeris
844 1458 976 1525 stantes
995 1455 1165 1547 reperias.
1187 1454 1300 1538 Quam
1314 1454 1415 1526 litem

442 1593 515 1644 non
540 1572 753 1643 tentabimus
785 1572 971 1662 dirimere,
1006 1573 1094 1664 qui,
1124 1578 1162 1643 ut
1191 1573 1296 1664 plane
1323 1572 1413 1658 fate·
1506 1610 1509 1615 >

440 1688 581 1778 bimur,
600 1688 795 1780 legitimum
819 1709 945 1759 sonum
968 1689 1025 1759 vix
1050 1711 1213 1782 aegreque
1239 1696 1274 1761 et
1295 1689 1413 1782 digitis

442 1814 477 1880 et
496 1829 580 1880 aure
604 1805 782 1877 callemus.

487 1926 577 1996 Satis
591 1925 699 2015 igitur
714 1923 924 1995 habebimus
939 1925 1058 1996 dicere
1073 1925 1262 1998 scoliorum
1276 1927 1412 2018 species

442 2046 598 2116 diversas
619 2049 654 2113 et
672 2042 905 2113 multiformes
924 2044 1120 2115 AEcliorum
1140 2051 1324 2136 poetarum
1346 2066 1412 2117 nu·

440 2163 549 2232 meris
562 2157 772 2253 generaliter
786 2161 1016 2251 respondere,
1031 2161 1101 2232 nisi
1113 2163 1207 2253 quod
1220 2163 1258 2232 in
1270 2162 1412 2254 stropha

441 2276 564 2350 cursus
587 2277 743 2368 primum
760 2276 993 2370 abrumpitur,
1010 2298 1092 2348 mox
1109 2284 1225 2350 utitem
1239 2279 1412 2371 praecipiti

440 2398 592 2490 quodam
614 2396 749 2485 impetu
769 2393 808 2463 lit
827 2395 1014 2465 incitatior.

482 2511 700 2601 Numerum,
736 2511 835 2581 verbi
869 2511 997 2602 gratia,
1032 2513 1317 2604 introspiciamus
1348 2515 1409 2606 qui

590 3507 712 3582 Παλλὰς
726 3505 910 3591 Τριτογένει’,
928 3504 1024 3569 ἄνασσ’
1046 3506 1165 3588 Ἀθηνᾶ,

589 3615 669 3699 ὄρθου
685 3616 766 3695 τήνδε
778 3616 859 3678 πόλιν
874 3615 964 3680 τεκαὶ
982 3615 1120 3695 πολίτας,

589 3723 655 3808 ἄτερ
672 3724 786 3806 ἀλγέων
799 3723 847 3787 ντὶ
861 3727 982 3787 στάσεων

527 3832 574 3898 ναὶ
588 3832 714 3899 θανάτων
729 3834 848 3918 ἀώρων,
864 3834 894 3895 σὺ
911 3854 943 3896 τε
955 3831 1002 3895 nei
1018 3835 1119 3917 τατῄρ.

417 4128 420 4133 ·
458 4115 494 4182 (Ι)
510 4115 547 4169 De
558 4117 642 4170 metris
653 4122 745 4183 poetar.
759 4130 829 4181 grec.
844 4124 868 4168 et
879 4129 952 4177 rom,
966 4114 1007 4170 tin.
1021 4117 1071 4177 111,
1088 4130 1111 4168 c.
1124 4128 1150 4178 x,
1165 4127 1190 4181 p.
1204 4117 1251 4171 tl3
1263 4119 1288 4168 et
1297 4127 1351 4180 sqq.

456 4216 491 4282 (Ι)
510 4208 618 4272 Σκωλωὶ
634 4220 718 4271 metris
729 4219 779 4272 suis
791 4218 910 4272 restituta.
925 4219 1002 4280 leuce,
1018 4220 1094 4287 1798.

455 4323 487 4390 (cp
507 4325 718 4393 vigintiquatuor
737 4316 874 4384 oceno...
889 4326 973 4382 metris
983 4327 1033 4382 suis
1045 4327 1163 4382 restituta.
