3286 5490
764 1161 873 1250 §nn

351 1481 394 1527 DE
414 1480 518 1528 mul
539 1479 652 1535 ΜΟ.
675 1479 766 1548 Qllllll
787 1480 974 1528 scouonml
995 1476 1168 1526 emortus
1188 1481 1295 1532 MANU

713 1589 919 1635 onsuABAxr.

375 1875 445 1957 Qui
471 1874 587 1945 Soulia
613 1876 652 1943 in
679 1875 850 1945 conviviis
877 1873 1073 1959 canebant,
1092 1877 1132 1941 ut
1158 1894 1203 1941 er
1221 1874 1314 1946 Plu-

331 1994 473 2079 tarcho,
508 1994 741 2080 Aristoxeno,
772 1997 809 2062 et
834 1991 995 2082 Phyllide
1027 1989 1164 2060 Musino
1197 1992 1314 2062 disci-

332 2130 413 2178 mus
437 2108 511 2199 (1),
539 2129 647 2178 manu
680 2111 792 2197 myrti
821 2129 961 2178 ramum
989 2106 1170 2197 gerebant.
1197 2145 1244 2162 -
1274 2111 1314 2180 Is

333 2228 452 2293 autem
474 2243 615 2309 ramu3‚
645 2222 761 2312 inquit
783 2221 978 2292 Scholiasta
999 2220 1249 2310 Aristophanis
1267 2223 1314 2314 (2)

334 2342 577 2427 nullatemus,
594 2346 654 2410 aut
668 2342 826 2428 myrteos
839 2345 926 2410 erat.
944 2336 1155 2408 Gestabatur
1165 2337 1315 2409 laureus

333 2476 454 2527 ramus
483 2458 523 2527 in
547 2457 723 2547 Apollinis
748 2458 902 2527 musices
926 2455 1091 2547 praesidis
1113 2453 1311 2543 honorem,

334 2573 392 2642 cui
406 2572 527 2643 laurus
545 2592 646 2642 sacra
665 2572 771 2642 arbor
789 2577 876 2642 erat.
900 2570 1136 2661 Frequentius
1151 2590 1255 2658 vero,
1271 2577 1316 2640 ut

334 2695 500 2778 apparet,
521 2689 720 2759 Sooliorum
737 2695 900 2759 cantores
923 2693 1078 2777 myrtum
1099 2704 1207 2776 quam
1230 2684 1313 2756 lau-

335 2826 416 2875 rum
436 2825 545 2876 manu
561 2806 743 2876 tenebant.
765 2805 970 2895 -Trypho
999 2803 1249 2894 grammaticus
1272 2803 1314 2871 in

336 2921 427 2992 libro
441 2924 486 2992 de
500 2922 751 2994 Nomiuotiuis
765 2920 835 3012 (3),
849 2920 998 2991 affirmat
1020 2919 1206 3006 convivas,
1225 2917 1312 2986 dum

337 3038 447 3109 scotia
455 3039 641 3127 canebant,
651 3039 818 3129 poculum
830 3045 900 3125 ᾠέὶν
913 3036 1126 3126 appellatum
1137 3034 1310 3106 tenuisse.

336 3155 503 3247 Legimus
519 3156 616 3224 enim
636 3156 675 3224 in
689 3155 906 3244 Duplloibus
925 3152 1137 3243 Antiphanis
1151 3150 1218 3240 til:

300 3410 303 3416 '
336 3408 413 3464 -A
435 3406 509 3472 Quid
520 3403 1000 3479 igitur‘tannnuparseritDiist-
1011 3403 1051 3459 ll·
1063 3401 1107 3458 Ne
1117 3417 1174 3458 unu
1185 3401 1311 3474 quidem,

336 3504 391 3560 nisi
401 3504 465 3578 quis
475 3504 591 3560 misceat
605 3505 771 3575 (vinum).-
778 3490 813 3560 A.
833 3503 910 3559 Tene
921 3500 1096 3560 oduin-B.
1117 3501 1203 3573 Capio
1209 3499 1310 3573 (eum),

336 3632 369 3646 -
384 3604 418 3661 Δ.
438 3602 497 3659 Nec
512 3603 612 3659 deinde
626 3604 733 3677 aliquid
746 3603 938 3661 obsoletorum

336 3702 456 3760 istorum
474 3704 586 3777 profer,
601 3720 693 3777 neque
710 3703 912 3772 Telamonem,
927 3717 1019 3775 neque

256 3843 260 3851 .
337 3801 545 3862 Harmodium.

370 4076 405 4139 (t)
425 4074 485 4128 vide
494 4070 621 4125 Plutarch.
631 4075 667 4138 (p.
677 4073 711 4136 8l3
724 4071 804 4126 Soloi.
817 4071 939 4138 Aristoph.
952 4071 987 4138 (p.
998 4071 1053 4139 ως
1063 4078 1088 4126 et
1098 4070 1199 4125 sulam
1209 4070 1243 4138 (p.
1253 4071 1307 4136 ll).

374 4171 406 4230 (2)
427 4169 507 4219 schol.
521 4170 549 4217 in
563 4168 633 4230 l'esp.
645 4170 721 4219 1222.

372 4263 408 4325 (3)
427 4262 515 4311 Athen.
529 4262 572 4309 xl.
588 4274 614 4322 p.
627 4262 685 4311 503.
698 4260 729 4309 D.

374 4357 410 4424 tt)
427 4356 514 4409 Athen.
531 4352 632 4410 ibid.,·-
644 4356 704 4409 Poel
712 4354 798 4411 unic.
809 4368 882 4422 grec.
900 4354 1028 4422 fragment.
1044 4351 1090 4411 Ed.
1104 4352 1191 4416 uidet,
1214 4365 1238 4420 p.
1251 4353 1308 4408 lou.
