3324 5482
746 677 920 752 Λα..

344 857 540 946 necantque
570 851 761 945 ungnentis
790 852 978 923 Athenaeus
1005 853 1059 945 (1)
1092 875 1159 925 nos
1186 856 1317 927 docet:

345 973 427 1063 quia
473 970 607 1041 scilicet
651 969 690 1037 in
733 989 775 1039 ea
819 973 918 1059 parte
961 970 1064 1039 sedes
1106 971 1153 1040 sit
1186 974 1315 1043 cordis.

349 1113 362 1146 v
380 1089 583 1170 Εστεφανοῦντα
610 1085 641 1147 δὲ
669 1084 717 1148 καὶ
739 1086 776 1146 τὰ
799 1088 905 1165 στήθη,
927 1085 974 1146 καὶ
996 1085 1096 1168 ἔναρον
1123 1091 1229 1168 ταῦτα,
1258 1089 1318 1152 ἐπεὶ

345 1203 438 1268 αὐτόθι
463 1204 482 1280 ἡ
505 1201 618 1286 καρδία.
653 1227 666 1260 ιι
713 1193 827 1284 Hujus
868 1193 965 1262 modi
1009 1198 1127 1263 autem
1169 1215 1318 1268 coronas

343 1321 530 1400 ὑποθυμιάδας
550 1311 743 1401 vocabant,
765 1313 848 1403 quia
869 1312 986 1381 odoris
1006 1311 1155 1398 halitum
1183 1320 1218 1384 et
1240 1319 1317 1385 tan-

344 1449 449 1519 quam
471 1427 627 1500 suffitum
649 1449 693 1498 ex
714 1428 875 1498 inferiori
893 1432 993 1519 parte
1016 1427 1176 1500 efflarent
1196 1429 1260 1520 (2).

388 1691 650 1783 Reliquiarum,
685 1711 773 1783 quas
803 1687 928 1782 procul
960 1689 1067 1761 dubio
1101 1691 1317 1764 Anacreonti

343 1811 530 1883 restituere
557 1830 766 1900 possumus,
797 1807 924 1879 multas
951 1809 1155 1879 invenimus
1187 1810 1317 1900 quihus

343 1925 418 1994 vini
436 1945 637 2015 menseque
658 1924 785 2014 gaudia
801 1923 1036 1993 celebrantur.
1060 1923 1121 1991 Ha
1134 1925 1317 2016 praecipuae

344 2045 453 2129 sunt,
491 2040 620 2131 quibus
657 2041 843 2111 Anacreon
885 2038 988 2109 nohis
1026 2039 1164 2110 videtur
1199 2041 1318 2111 minus

346 2178 452 2249 quam
471 2156 606 2227 Alcaeus
626 2156 711 2248 quid
738 2156 824 2226 boni
847 2156 1082 2247 generosique
1106 2155 1152 2225 sit
1174 2157 1213 2225 in
1234 2157 1319 2227 vino

346 2275 564 2345 observasse.
590 2272 722 2343 Vinum
740 2273 836 2342 enim
853 2291 996 2361 semper
1012 2271 1056 2340 ah
1079 2292 1120 2340 eo
1136 2271 1316 2361 landatur,

345 2391 440 2485 quod
464 2391 627 2484 convivas
652 2389 834 2460 exhilaret.
859 2389 968 2458 Poeta
990 2394 1109 2458 tamen
1130 2391 1228 2459 more
1253 2410 1317 2459 suo

346 2508 488 2598 sapiens
512 2511 587 2595 est3
611 2507 744 2577 amicos
764 2507 860 2576 enim
880 2506 1040 2576 hortatur
1063 2510 1101 2575 ut
1118 2507 1263 2576 modum
1278 2508 1316 2576 in

345 2625 499 2696 bibendo
521 2629 686 2711 servent,
711 2622 920 2714 scythisque
942 2622 1126 2711 strepitum
1145 2623 1316 2694 furorem·

348 2763 415 2833 que
438 2741 652 2832 relinquant.

384 3024 441 3093 ο.)
460 3050 494 3064 -
563 3010 632 3083 ueta
646 3008 746 3088 μὲνδὴ
760 3009 915 3088 Πααιδηϊὼν

564 3120 700 3197 ἕστηκεν,
715 3115 830 3197 νεφέλαι
844 3113 943 3177 δ’ὕδει

564 3219 763 3304 [πλήθονσίν],
779 3219 846 3302 toph
864 3218 895 3280 δ’
906 3219 995 3303 ἄγριοι

562 3334 701 3412 χειμῶνες
720 3329 889 3409 παταγοῦσιν
905 3329 961 3409 (3).

533 3608 537 3616 .
565 3557 669 3615 Mensis
682 3557 822 3614 Posideon

566 3656 664 3726 adest;
681 3657 827 3728 nubesque
840 3672 914 3729 aqua

551 3740 554 3745 ¹
567 3758 758 3831 (gravantur),
771 3756 950 3829 horridaque
966 3755 1033 3811 ferae

567 3861 747 3930 tempestates
765 3855 897 3912 stridunt.

390 4113 426 4178 (t)
444 4114 543 4173 Athen,
558 4112 609 4173 XV,
626 4114 682 4165 ovo.
697 4113 723 4161 C.
976 4181 981 4191 Ι

389 4207 426 4272 (2)
443 4205 503 4256 Vide
516 4205 632 4264 Canania,
645 4205 773 4253 Animado.
786 4204 922 4261 inathen..
937 4204 987 4263 XV,
1003 4208 1027 4254 5.

391 4301 425 4365 (8)
444 4300 534 4361 schot,
550 4297 635 4359 11.‚0.
649 4300 715 4355 1923
728 4322 757 4334 -·
770 4296 806 4347 Cf.
822 4296 896 4348 ttoni
906 4295 967 4358 frag.
982 4298 1020 4356 A;
1034 4299 1128 4357 Horat„
1142 4296 1221 4359 Epod.
1236 4295 1304 4346 xlu.
