3324 5482
587 760 631 777 ...
653 723 698 792 83
719 760 765 777 ..

186 890 265 981 pius
285 893 501 962 mentionem
520 898 628 983 poetae
652 894 778 965 comici
799 893 1009 983 fecerunta
1029 893 1156 964 Siculis

186 1007 340 1097 primum
381 1014 542 1100 rapertus
579 1015 657 1098 est,
697 1015 735 1081 ut
768 1010 807 1079 in
840 1010 983 1101 Elaeus
1011 1014 1158 1081 testatur

188 1121 312 1194 Callias
335 1125 582 1208 Atheniensis,
610 1125 805 1196 Callaaschri
831 1124 924 1195 filius
947 1125 1022 1216 (tlt

259 1347 400 1422 Κότταόος
413 1349 447 1412 ἐκ
460 1348 584 1427 Σικελῆς
598 1350 653 1413 ἐστι
667 1350 787 1431 χθονὸς,
804 1350 943 1433 ἐκπρεπὲς
957 1350 1038 1433 ἔργον
1051 1352 1105 1434 (2).

257 1563 388 1620 Gottabus
403 1580 436 1620 ax
452 1565 545 1621 Sicula
562 1571 637 1621 terra
655 1571 718 1637 est,
738 1566 873 1621 eximium
891 1583 970 1639 opus.
1069 1602 1072 1609 ·

188 1777 351 1875 Diversis
369 1772 496 1869 modis,
523 1801 626 1852 coena
645 1781 824 1871 confecta,
844 1782 1001 1853 connvae
1023 1782 1160 1853 cottabo

189 1894 367 1967 ludebant.
663 1968 665 1973 ,
1157 1904 1160 1910 ’

233 2011 458 2104 Saepissime,
484 2035 593 2105 quum
628 2015 826 2105 bibissent,
856 2015 1032 2107 reliquum
1063 2019 1111 2087 ita
1142 2038 1161 2088 e

187 2129 312 2220 poculo
335 2136 395 2202 aut
420 2131 459 2200 iu
482 2151 622 2201 aeneum
646 2152 706 2202 vas
731 2138 790 2202 aut
822 2133 866 2203 ad
889 2138 1020 2202 terram
1046 2133 1162 2223 ejicia-

187 2245 293 2335 bant,
323 2253 362 2317 ut
388 2247 425 2317 id
449 2253 632 2318 resonaret
655 2271 663 2336 ;
698 2270 717 2318 e
745 2249 868 2338 vario,
901 2270 1010 2340 quum
1040 2250 1162 2319 vinum

188 2364 356 2453 caderet,
392 2366 541 2454 strepitu
581 2367 730 2455 juvenes
768 2366 1006 2457 agnoscebant
1043 2370 1162 2437 utrum

188 2468 326 2551 sincere
343 2462 400 2551 'an
424 2502 497 2551 non
520 2502 541 2552 a
566 2483 693 2573 puellis
721 2483 843 2567 amicis
872 2481 1114 2573 diligerentur.
1142 2561 1148 2571 ,

231 2596 338 2667 Aliud
371 2603 446 2668 erat
477 2599 580 2669 istius
615 2598 689 2669 ludi
724 2619 847 2690 genus.
882 2597 1036 2668 Bacillus
1062 2598 1162 2668 humi

188 2712 427 2804 defigebatur,
455 2716 558 2807 eique
591 2716 740 2786 alterum
767 2715 904 2784 lusores
933 2715 1163 2804 imponebant
1287 2781 1289 2786 .

189 2831 262 2920 qui,
286 2836 325 2899 ut
351 2831 389 2901 in
409 2831 510 2921 libra,
533 2832 751 2903 movebatur.
768 2831 899 2900 Exhoc
915 2830 992 2900 bini
1008 2837 1162 2903 crateres

189 2966 279 3036 aqua
297 2946 394 3038 plani
421 2949 641 3040 pendebant,
672 2955 708 3019 et
740 2947 806 3019 sub
829 2968 919 3039 aqua
944 2947 1099 3038 sigillum
1120 2967 1163 3016 er

189 3081 259 3132 aare
285 3064 444 3135 inaurato
478 3065 600 3155 Manes
624 3071 797 3153 uocatum.
826 3063 964 3154 Aliquis
985 3064 1078 3134 inter
1104 3063 1165 3133 lu-

189 3198 287 3249 sores
324 3180 509 3270 surgebat,
536 3182 690 3271 phialam
723 3186 850 3252 tenens
874 3200 973 3250 mero
998 3163 1160 3270 planam,

189 3299 316 3386 atque,
343 3297 482 3367 eminus
508 3303 626 3388 stans,
650 3300 773 3369 vinum
801 3318 906 3368 omne
931 3317 1003 3367 uno
1028 3297 1162 3387 impetu

188 3411 384 3482 inlancam
401 3414 451 3484 ita
475 3415 682 3506 projiciebat
703 3422 743 3486 ut
764 3415 898 3506 repleta
921 3417 1160 3504 mergeretur,

190 3533 237 3618 at,
259 3536 364 3621 caput
382 3531 487 3622 sigilli
507 3533 573 3603 sub
596 3553 686 3624 aqua
705 3532 847 3603 latentis
869 3531 1015 3620 feriens,
1036 3550 1163 3600 sonum

189 3647 321 3717 ederat.
345 3647 414 3730 Qui
434 3649 478 3719 de
500 3650 582 3720 vino
605 3650 693 3720 nihil
714 3648 976 3737 abundabatis
999 3647 1163 3717 vincebat

189 3770 226 3834 et
252 3786 291 3836 sc
316 3766 360 3835 ab
382 3766 495 3847 amica
515 3768 626 3837 amari
646 3765 864 3857 conjiciebat.
891 3763 1161 3854 Elegantissime

188 3879 289 3971 loco,
314 3903 420 3973 quam
443 3884 637 3955 Athenaeus
658 3883 712 3976 (3)
741 3883 914 3970 servavit,
941 3880 1161 3972 Antiphanes

224 4152 256 4217 (t)
273 4152 384 4205 Florebat
398 4154 463 4204 circa
483 4155 583 4219 Olymp.
598 4154 672 4207 XCIV
688 4155 725 4214 bl.
740 4154 768 4206 C.
783 4156 851 4221 666).
967 4115 969 4119 Ι

220 4242 258 4311 Ι(2)
276 4245 374 4304 arhen,
390 4245 441 4305 xv,
458 4249 514 4298 ooo.
533 4248 563 4299 a.

224 4336 259 4404 (6)
277 4337 381 4400 Athen,
397 4336 451 4399 XV,
469 4341 527 4388 666.
539 4339 565 4390 F.
