3324 5482
742 747 962 816 -17-.

387 913 468 988 Non
496 916 651 1008 prolecto
679 919 795 989 omnis
822 918 881 988 hic
910 924 1113 1010 apparatus,
1144 920 1314 994 citharam

343 1035 441 1124 dico,
476 1042 650 1128 myrtum,
688 1036 958 1128 poculumque,
990 1038 1096 1109 simul
1133 1045 1314 1113 cantaturo

343 1153 500 1224 convivae
518 1153 693 1243 dabatur,
723 1159 762 1224 ut
789 1153 873 1224 inde
906 1174 971 1243 per
998 1155 1158 1226 omniurn
1188 1177 1315 1229 manus

343 1276 501 1342 curreret
517 1292 526 1341 :
542 1270 712 1341 citharam
727 1270 944 1360 conjunctim
964 1290 1045 1343 oum
1064 1277 1178 1363 myrto
1194 1277 1315 1344 cantor

342 1387 558 1478 accipiebat3
589 1385 756 1478 poculum
783 1391 923 1476 autern,
954 1393 994 1459 ut
1019 1389 1212 1459 verisimile
1243 1396 1312 1479 est,

342 1505 394 1575 illi
416 1508 479 1597 qui
502 1504 637 1606 scolion
662 1505 776 1596 perite
796 1510 1001 1598 exceperat,
1027 1506 1137 1578 veluti
1162 1506 1315 1581 solertiae

247 1616 250 1621 ’
341 1624 552 1714 proemium,
576 1621 788 1694 ollerehatur
802 1622 868 1715 (l).

390 1741 491 1824 Quod
509 1742 542 1812 si
562 1740 732 1833 quaeritur
745 1740 850 1831 hujus
864 1740 974 1810 moris
989 1739 1107 1830 origo,
1125 1760 1196 1831 quo
1212 1739 1318 1831 myrti

345 1875 483 1928 ramum
506 1856 695 1928 scoliorum
717 1861 879 1927 cantores
903 1855 1112 1948 plerumque
1135 1877 1244 1927 manu
1266 1861 1319 1926 te·

346 1978 493 2065 nerent,
526 1995 569 2045 ea
603 1972 796 2064 repetenda
831 1972 934 2044 nobis
977 1993 1055 2044 esse
1097 1973 1237 2044 videtur
1273 1972 1317 2044 ab

346 2090 530 2163 Harmodii
556 2096 591 2162 et
616 2089 864 2180 Aristogitonis
889 2094 1003 2180 myrto
1015 2141 1025 2179 ‚
1060 2110 1129 2181 qua
1163 2089 1318 2181 gladium

347 2207 577 2281 condiderant
595 2205 661 2300 (2).

782 2476 799 2570 s
822 2477 881 2547 iv.

560 2697 562 2701 ’
634 2721 677 2766 nn
697 2720 819 2768 merrus
840 2719 1035 2769 scemenum·

393 2920 603 3011 Magnopere
624 2921 768 3016 quidem
788 2920 978 2992 dolendum
1003 2926 1056 2991 est
1076 2941 1141 2990 nos
1160 2920 1320 2992 amisisse

350 3037 583 3128 Tyrannionis
599 3039 870 3109 commentarios
886 3039 928 3108 de
946 3037 1057 3107 Metro
1077 3039 1198 3126 sectio,
1218 3059 1319 3130 qum,

351 3153 520 3223 suadente
550 3151 633 3223 Caio
653 3150 792 3224 Caesare
816 3156 1006 3245 scripserat
1029 3152 1212 3245 (3);na1n
1240 3159 1321 3225 tan-

351 3270 532 3342 tummodo
564 3271 766 3362 conjectura
797 3271 960 3342 ducimur
991 3271 1036 3343 ad
1071 3272 1323 3362 suspicandum

351 3387 452 3479 quale
467 3387 554 3459 illud
568 3393 721 3459 metrum
739 3387 857 3458 luerit.
874 3388 978 3459 Haud
997 3392 1116 3458 tamen
1131 3386 1324 3459 absurdum

351 3510 436 3596 puto
466 3504 681 3575 contendere
713 3503 808 3574 illius
843 3503 1040 3575 carminum
1071 3504 1211 3596 generis
1238 3525 1324 3596 pro-

351 3622 448 3714 prius
468 3626 504 3692 et
526 3621 748 3713 peculiares,
768 3620 965 3712 praesertim
992 3622 1119 3712 priscis
1141 3620 1302 3694 aetatibus
1313 3675 1324 3712 ‚

352 3760 519 3813 numeres
553 3742 661 3812 luisse
690 3740 838 3833 quibus,
867 3761 939 3812 non
961 3741 1080 3812 minus
1110 3762 1215 3833 quam
1242 3761 1325 3812 sen-

351 3860 484 3950 tentiis,
515 3857 630 3930 Scolia
659 3878 680 3929 a
705 3858 843 3930 caeteris
871 3856 1105 3931 cantiunculis
1125 3858 1323 3952 distingue-

352 3983 488 4051 rentur.

388 4172 422 4243 (l)
440 4171 478 4230 Gt.
490 4174 567 4243 ligen.
583 4190 608 4243 p.
622 4193 671 4231 em.

387 4272 422 4337 (2)
440 4271 520 4324 smol.
534 4271 656 4337 Aristoph.
669 4268 696 4322 in
707 4267 812 4338 Lysistr.
826 4272 884 4326 632.

390 4368 425 4440 (a)
443 4370 563 4430 sudosa.
578 4363 700 4454 caeteta.
718 4374 765 4433 uu.
779 4375 888 4442 Kuster,
901 4381 919 4435 t.
933 4379 983 4444 111,
996 4389 1022 4446 p.
1039 4381 1096 4434 aaa.

1129 4475 1152 4554 2
