3324 5482
741 693 914 762 -3q..

344 864 470 955 eripit,
493 863 731 955 reducemque
756 865 799 933 ad
821 865 928 935 vitam
941 864 1141 935 tristissimo
1164 865 1314 936 Admeto

342 981 459 1055 reddit
481 980 537 1071 (l).

388 1098 610 1169 Clarissimus
631 1099 735 1190 huJ'us
755 1099 856 1169 scolii
870 1119 994 1170 sensus
1011 1104 1063 1170 est
1083 1122 1091 1169 :
1113 1111 1172 1182 τοῖς
1197 1107 1314 1189 ἀγαθοῖς

343 1202 439 1286 enim
459 1217 594 1307 poetria
613 1216 767 1307 primum
793 1215 972 1305 Alcestin,
1001 1216 1166 1286 eximiam
1191 1216 1313 1305 conju-

263 1331 270 1345 '
342 1354 445 1425 gem,
468 1333 551 1402 dein
579 1332 805 1423 Apollinem,
841 1332 1016 1422 hospitem
1049 1332 1312 1425 gratissimum,

341 1449 601 1542 Herculemque
626 1449 837 1520 fidissimum
865 1450 1018 1521 amicum
1046 1450 1234 1546 designat3
1256 1461 1315 1532 τοῖς

342 1575 447 1650 δειλοῖς
473 1576 590 1638 autem
622 1573 722 1659 pater
753 1572 788 1638 et
819 1573 931 1638 mater
956 1568 1098 1637 Admeti
1124 1571 1314 1656 notantur,

343 1686 404 1777 qui
424 1685 519 1776 turpi
541 1686 621 1755 uitae
647 1705 765 1755 amore
794 1684 952 1775 proillio
980 1706 1018 1756 se
1045 1685 1216 1756 devovere
1245 1705 1312 1756 no·
1427 1675 1429 1679 ’

342 1800 493 1872 luerunt.

385 1916 527 1987 Admeti
559 1915 695 1987 scolion
732 1917 776 1986 ad
813 1922 965 2008 myrtum
999 1921 1176 1988 cantatum
1205 1918 1314 1989 fuisse

343 2038 462 2104 auctor
490 2037 543 2103 est
571 2033 826 2124 Aristophanes
856 2033 915 2124 (2).
944 2033 1108 2105 Cratinus
1136 2039 1253 2106 autem
1277 2036 1315 2105 in

344 2151 566 2222 Chironibus
589 2149 659 2241 (3),
686 2151 734 2220 ait
757 2151 825 2219 hoc
851 2170 993 2221 carmen
1019 2151 1063 2222 ed
1088 2151 1208 2223 tibiam
1230 2172 1314 2222 can·

341 2268 410 2337 tari
438 2266 580 2337 solitum
613 2287 718 2353 esse;
746 2287 817 2356 qua
840 2268 884 2338 de
914 2289 953 2338 re
981 2267 1149 2338 libentius
1176 2269 1316 2339 Aristo-

341 2382 449 2473 phani
482 2383 664 2453 crederem
689 2405 698 2472 ;
727 2382 822 2453 illius
846 2382 943 2454 enim
968 2383 1162 2454 Scholiasta
1188 2385 1236 2454 ait
1263 2383 1315 2475 (d)

342 2501 565 2578 notissimum
579 2500 721 2570 Admeti
732 2499 867 2571 scolion
879 2521 939 2571 eos
956 2502 1119 2571 convivas
1132 2500 1312 2586 recitasse,

343 2618 403 2708 qui
431 2639 474 2687 ex
508 2617 698 2708 improviso
729 2636 856 2686 canere
884 2621 944 2686 aut
969 2615 1077 2687 scolia
1110 2617 1223 2707 perite
1253 2637 1315 2686 ex-

343 2735 460 2825 cipere
474 2755 547 2804 non
561 2738 718 2825 possent.
736 2732 861 2804 Suidas
877 2753 1017 2824 quoque
1031 2732 1084 2825 (5)
1098 2734 1166 2803 hoc
1181 2731 1316 2803 scolion

343 2852 390 2923 ait
399 2872 509 2922 unum
525 2872 603 2922 esse
619 2873 662 2921 ex
672 2849 911 2922 usitatissimis
931 2849 1190 2942 facillimisque.
1204 2849 1317 2921 Parva

301 2998 304 3003 ·
343 2974 460 3040 tamen
490 2969 578 3040 fides
600 2969 718 3039 Suidee
751 2968 928 3039 debetur:
956 2969 1086 3060 quippe
1122 2968 1183 3060 qui
1211 2969 1316 3039 modo

343 3085 434 3156 dicat
463 3085 606 3156 Admeti
637 3089 741 3177 atque
768 3085 953 3157 Harmodii
982 3083 1091 3156 scolia
1116 3104 1193 3156 esse
1224 3085 1318 3156 inter

341 3201 456 3273 facilia
483 3210 637 3292 (Ἀδμήτου
661 3212 750 3292 μέλος
767 3211 815 3274 καί
840 3211 984 3295 Ἁρμοδίου
1006 3210 1050 3273 ἐπί
1072 3213 1127 3273 τῶν
1146 3209 1246 3295 ῥᾳδίων
1269 3209 1317 3272 καὶ

246 3351 250 3357 ·
342 3326 501 3412 εὔκολον),
522 3321 627 3391 modo
655 3320 841 3393 Harmodii
867 3341 1011 3392 carmen
1037 3321 1131 3391 inter
1162 3316 1317 3389 difficilia

342 3445 551 3510 annumeret
574 3447 742 3531 (Ἁρμοδίου
763 3449 854 3530 μέλος
878 3447 922 3510 ἐπί
948 3452 1003 3511 τῶν
1022 3447 1190 3510 δυσκόλων·
1211 3445 1247 3507 τὰ
1261 3442 1317 3527 γὰρ
1413 3440 1414 3443 ’

342 3563 381 3641 είς
407 3565 548 3650 Ἁρμοδίου
572 3542 648 3646 μέλη
666 3569 787 3630 retecta·
803 3567 903 3648 tortu).
925 3555 994 3627 Sed
1014 3555 1173 3649 quamvis
1196 3571 1319 3624 secum

341 3675 833 3769 pugnetSuidaS,sieumdem
842 3679 1020 3747 auctorem
1030 3672 1147 3767 (verbo
1166 3668 1318 3761 Ἀδμήτου)

376 3912 408 3976 (ί)
426 3912 481 3964 vid.
494 3911 605 3979 Euripid.
620 3912 739 3964 Alcestin.

375 4005 411 4071 (2)
427 4006 457 4055 In
474 4006 596 4070 Pelurpr's,
612 4019 654 4057 seu
670 4005 784 4057 Ciconas.

377 4098 411 4165 (a)
430 4098 509 4152 Schol.
526 4098 650 4164 Aristoph.
665 4098 691 4150 in
708 4098 776 4165 Vesp.
790 4101 864 4150 1289.

377 4193 410 4257 (d)
430 4193 560 4256 1d.,ioid.

377 4296 413 4364 (5)
430 4297 531 4360 sudas,
546 4313 568 4352 r.
590 4285 728 4371 Ἀδμήτου
742 4285 839 4372 μέλος.
