3286 5490
747 673 751 680 .
836 705 1015 777 ‘ffl—

443 874 655 946 sublimibus
676 875 742 945 alis
766 875 870 944 ultius
891 875 1051 963 evolavit,
1070 873 1205 944 humile
1228 874 1417 944 scoliurum

444 1013 570 1084 genus,
593 998 634 1062 ut
667 1013 775 1082 supra
796 992 951 1062 vidimus
984 991 1051 1083 (1),
1084 1010 1159 1061 non
1181 991 1415 1083 dedignatus,

443 1110 650 1180 meretrices
667 1112 764 1201 ipsas
783 1103 1000 1181 carminibus
1018 1109 1219 1178 celebravit.
1270 1172 1274 1177 .

487 1223 649 1293 Thebani
675 1225 766 1294 ratis
796 1225 950 1312 amicus,
976 1223 1178 1312 Xenophon
1200 1221 1417 1310 Corinthius,

445 1338 490 1407 ad
513 1343 693 1407 certamen
715 1339 839 1407 exiens
861 1339 901 1406 in
920 1335 1099 1427 Olympia,
1121 1356 1160 1405 se
1183 1337 1314 1405 amicas
1333 1336 1419 1406 Deae

445 1452 680 1524 adducturum
708 1454 894 1543 promisit,
921 1455 954 1522 si
980 1453 1092 1522 victor
1124 1453 1313 1530 evasisset„
1334 1452 1420 1522 Pin·

446 1568 552 1637 darus
584 1568 740 1658 primum
767 1568 807 1636 in
837 1567 937 1637 illum
968 1567 1169 1636 encomium
1211 1565 1422 1655 conscripsit

446 1685 546 1775 cujus
570 1684 785 1774 principium
819 1690 909 1752 est:
941 1683 1132 1752 «Domum
1162 1688 1217 1751 ter
1247 1679 1419 1772 Olympiae

446 1800 628 1869 victricem
657 1799 762 1869 laudo
792 1799 846 1891 (2)
872 1823 918 1887 ι,
950 1799 1079 1869 deinde
1116 1797 1251 1867 seolion
1276 1817 1421 1868 carmen

446 1916 485 1983 in
506 1914 670 1984 eumdem
689 1916 849 2005 scripsit,
874 1915 969 2005 quod
992 1915 1218 1998 cecinerunt,
1241 1913 1326 1982 dum
1343 1914 1422 1983 vic·

447 2030 569 2099 timum
582 2031 793 2100 immolaret.
810 2032 896 2122 EJus
910 2032 1128 2122 principium
1144 2031 1261 2100 statim
1276 2031 1421 2101 ductum

448 2146 503 2215 est
527 2165 548 2215 o
568 2147 842 2235 meretricibus,
868 2170 948 2239 quae
971 2168 1116 2218 reverso
1134 2147 1360 2237 Xenophonti
1386 2153 1423 2218 et

446 2259 578 2330 Veneri
599 2261 756 2331 divinam
779 2283 857 2333 rem
885 2265 1030 2334 facienti
1052 2265 1281 2350 adstiterunt,
1299 2262 1421 2336 simul·

447 2398 515 2468 que
541 2377 793 2450 sacrificarunt.
821 2380 880 2451 Sic
904 2403 988 2472 ergo
1007 2383 1151 2472 inquit:

483 2611 540 2686 J.)
558 2642 594 2657 -
613 2601 769 2678 Πολύξεναι
791 2605 932 2684 νεάνιδες,
958 2605 1111 2688 ἀμφίπολοι
1133 2564 1250 2680 Πειθοῦς
1270 2606 1298 2668 ἐν
1320 2603 1423 2688 ἀφνειῷ

1266 2713 1422 2798 [Κορίνθμ

609 2820 669 2882 αἵτε
682 2825 734 2893 τᾶς
746 2821 866 2904 χλωρᾶς
878 2821 992 2884 λιάάνου
1009 2820 1097 2897 ξανθά
1111 2823 1200 2907 δάκρη
1216 2825 1349 2904 θυμιᾶτε,

569 2977 572 2982 ,
608 2928 735 2990 πολλάκι
749 2928 851 3012 ματέρ’
862 2931 993 3011 ἐρώτων,
1009 2929 1136 3014 οὐρανίαν
1150 2935 1286 3013 πτάμεναι
1299 2931 1391 3010 νόημα

608 3036 710 3098 ποττὰν
738 3035 915 3120 Ἀφροδίταν,

608 3145 691 3225 ὔμμιν
718 3143 899 3208 ἅτ’άνοιθεν
923 3145 1080 3231 ἀπα-μορίοις

482 3397 518 3460 (l)
538 3398 590 3447 Non
607 3398 657 3474 sine
671 3398 794 3462 voluptate
808 3395 929 3448 Pindarus
945 3398 1061 3462 temporis
1077 3398 1202 3459 meminit,
1218 3412 1269 3461 quo
1281 3397 1349 3474 opud
1362 3395 1423 3448 ilie·

448 3501 532 3538 runem
545 3487 658 3539 dulcibus
670 3489 707 3539 his
720 3486 821 3539 ludicris
832 3488 961 3540 indulserit
982 3490 1110 3555 (olymp,
1126 3492 1153 3551 Ι,
1169 3492 1199 3544 tt
1208 3491 1229 3554 l.-

687 3628 853 3713 ἀγλαΐζεται
874 3633 905 3695 δὲ
928 3632 975 3695 καὶ

689 3746 822 3818 μουσικῆς
844 3742 872 3803 ἐν
895 3740 999 3823 ἀώτῳ,

689 3841 737 3909 οἷα
757 3847 889 3927 παίζομεν
912 3849 994 3930 φίλαν

688 3953 785 4044 ἄνδρες
808 3954 875 4037 ἀμφὶ
898 3956 975 4035 θαμὰ

686 4064 836 4148 τράπεζαν.

478 4197 538 4251 Vide
548 4209 640 4263 supro,
655 4212 679 4262 p.
695 4201 726 4250 80
740 4204 765 4249 et
775 4211 825 4261 seu.

486 4301 519 4361 μ)
536 4289 814 4372 Τριοολομπιανίιιαν.
840 4299 939 4365 olymp.
952 4299 1021 4353 xlll.
