3324 5482
598 702 708 775 -89

221 872 332 932 Utinam
346 872 406 944 lyra
418 871 538 946 pulchra
556 873 647 929 forem
663 871 804 941 eburnea,

222 976 250 1029 et
266 987 313 1027 me
328 970 440 1044 pulchri
452 969 534 1045 pueri
547 972 656 1028 ferrent
669 970 836 1028 Bacchicam
856 968 887 1026 in
901 969 1035 1026 chorum!

222 1069 335 1128 Utinam
355 1087 478 1144 purum,
504 1070 657 1144 pulchrum
680 1070 835 1144 ingensque
848 1069 952 1141 ¹forem¹
968 1069 1197 1143 (ornamentum)

1046 1170 1196 1238 [aureum,

224 1273 252 1325 et
265 1282 312 1324 me
325 1267 443 1341 pulchra
453 1267 557 1325 mulier
567 1272 699 1340 gestaret,
712 1283 775 1340 quae
789 1282 891 1341 puram
903 1266 1040 1322 induisset
1054 1268 1196 1322 mentem!

260 1494 315 1559 G.)
330 1520 367 1535 -
388 1482 420 1544 Ἁ
432 1476 465 1557 ὗς
478 1483 528 1545 πὰν
542 1483 663 1544 &otiarer
677 1484 727 1544 τάν
740 1483 790 1561 μὲν
804 1481 878 1564 ἔχει,
888 1483 938 1544 τὰν
953 1481 1076 1565 δ’ἔρατιιι
1088 1481 1196 1545 luicio.

350 1628 354 1634 ·
383 1590 465 1673 κάγὼ
492 1589 582 1652 παῖδα
603 1589 696 1670 καλῂν
721 1590 771 1671 τὴν
795 1589 845 1669 μὲν
871 1588 950 1671 ἔχω,
979 1591 1030 1671 τὴν
1057 1587 1200 1672 δ’ἔραμιιιι

1013 1697 1126 1781 [iaceo
1142 1697 1196 1777 (1).
1316 1739 1331 1746 „

227 1871 281 1928 Sus
301 1869 432 1942 glandem
454 1870 538 1928 aliam
553 1869 657 1942 habet,
673 1870 814 1944 aliamque
832 1869 938 1928 habere
951 1870 1050 1944 cupit:

228 1985 278 2041 ego
292 1986 406 2043 quoque
420 1970 545 2042 puellam
557 1970 710 2027 formosam
723 1968 824 2039 habeo,
838 1969 978 2044 aliamque
989 1967 1095 2026 hahere
1107 1967 1198 2041 cupio.

262 2197 319 2265 ΙΙ.)
333 2225 369 2238 -
387 2185 480 2268 Πόρνη
494 2183 542 2247 ιιαὶ
557 2183 694 2258 ὀαλανεὺς
708 2183 811 2248 τωύτὸν
825 2185 1078 2268 ἔχουσ’ὲμπεδέως
1091 2150 1174 2258 ἔθοςι·

389 2293 417 2356 ἐι
431 2290 519 2374 ταύτᾷ
533 2292 630 2376 πυέλῳ
646 2294 692 2356 τόν
706 2292 736 2356 π’
745 2292 850 2376 ἀγαθὸν
864 2296 910 2358 τόν
924 2293 1057 2358 caccabo
1070 2293 1131 2354 λόει
1146 2292 1200 2376 (2).

227 2489 360 2549 Meretrix
372 2494 400 2546 et
412 2489 558 2548 balneator
572 2491 706 2548 eumdem
720 2496 861 2564 perpetuo
879 2491 985 2550 habent
998 2508 1107 2550 morem
1123 2506 1131 2546 ι

228 2591 258 2648 in
275 2591 374 2648 eodem
390 2589 460 2648 solio
475 2594 503 2647 et
516 2589 638 2663 probum
657 2595 685 2647 ei
699 2589 862 2664 improbum
874 2591 956 2648 lavat.

273 2808 452 2894 u)-Qui
471 2810 667 2897 sequuntur
682 2827 818 2897 versus,
839 2811 928 2878 teste
952 2807 1125 2878 Athenaeo
1143 2805 1204 2898 (3),

231 2948 251 3000 a
286 2926 433 2998 Seleuco
466 2924 633 2995 hilarium
667 2925 865 2996 carminum
891 2929 996 3016 poeta
1016 2923 1065 3017 (ll)
1085 2922 1208 3013 scripti

232 3051 317 3119 sunt
337 3067 344 3114 :

313 3222 401 3311 Κάγὼ
415 3229 606 3312 παιδοφιλήσω
624 3250 630 3265 ·
648 3229 721 3291 πολὺ
736 3250 782 3309 μοι
797 3229 918 3292 κάλλιον
931 3229 950 3305 ἢ
963 3230 1066 3310 γαμεῖν
1081 3248 1088 3264 ·

313 3342 379 3413 παῖς
394 3331 513 3420 μὲνγὰρ
527 3336 638 3419 παρεὼν
652 3337 706 3416 ιιῄν
720 3335 840 3418 πολέμῳ
856 3334 968 3415 μᾶλλον
983 3332 1133 3415 ἐπωφελεῖ.

236 3529 294 3602 Ego
304 3482 408 3604 pueros
421 3529 521 3585 amabo
534 3545 540 3586 :
554 3528 609 3585 hoc
619 3526 690 3583 mihi
701 3525 794 3600 potius
805 3530 849 3582 est
857 3541 943 3598 quam
956 3539 1074 3580 uxorem
1087 3523 1190 3579 ducere
1203 3538 1211 3577 ι

89 3664 92 3670 ·
186 3687 188 3692 ,
236 3627 305 3685 mihi
319 3628 395 3684 enim
408 3643 480 3701 puer
494 3628 592 3698 adest,
611 3613 770 3698 meliusque
783 3624 828 3680 rel
841 3623 870 3679 in
884 3622 959 3680 hello
973 3622 1132 3680 auxiliatur.

283 3816 457 3888 Pindarus
489 3817 594 3919 ipse²
620 3835 690 3907 quo
723 3834 795 3884 non
823 3812 910 3884 alter
946 3810 1076 3903 lyricus
1107 3812 1211 3899 poeta

273 4044 309 4110 (ι)
326 4044 430 4103 auen„
443 4043 497 4103 xv,
514 4045 572 4094 ooo.
585 4044 614 4092 o.

274 4137 310 4200 (ιι
328 4135 427 4195 luen„
443 4135 498 4193 xv,
513 4137 569 4184 ooo.
585 4136 614 4185 a.

275 4228 311 4294 lt)
329 4229 434 4289 Athen„
450 4226 505 4285 XV,
522 4228 579 4279 997.
596 4226 627 4277 Ι).

274 4317 309 4385 (l)
326 4318 385 4370 Vide
400 4331 483 4382 cupra,
500 4330 527 4380 p.
541 4319 581 4377 ll,
595 4321 652 4366 note
667 4319 689 4367 7.
