3324 5482
733 669 916 750 w-n--

340 843 566 915 Theocritum
587 836 843 929 Virgiliumque
862 844 1020 930 pastores
1043 845 1148 910 cantu
1172 860 1317 912 concer-

342 965 430 1032 tant.
460 958 575 1050 Ergo,
615 976 724 1047 quum
762 956 973 1046 cantilenae,
1004 976 1117 1047 quas,
1158 963 1197 1029 ut
1233 963 1317 1049 pote

343 1093 576 1162 communes,
615 1090 739 1141 omnes
779 1072 943 1142 convivas
983 1071 1133 1142 recitare
1169 1092 1318 1145 necesse

344 1195 437 1281 erat,
462 1190 571 1261 finitae
596 1192 718 1259 ‘essent
736 1186 806 1279 (1),
833 1188 970 1279 primus
992 1187 1177 1260 convivae
1200 1191 1319 1260 convi-

342 1311 461 1380 vatore
478 1307 649 1378 citharam
667 1310 702 1376 et
715 1311 868 1398 myrtum
896 1304 1073 1397 accipiens
1089 1327 1132 1378 ex
1158 1312 1317 1399 tempore

345 1446 489 1497 carmen
517 1422 658 1495 dicebat
690 1423 784 1515 quod
809 1423 1019 1515 plerumque
1042 1424 1087 1495 ad
1113 1423 1195 1496 vitae
1219 1425 1317 1496 utili·

345 1549 451 1615 tatem
477 1543 672 1636 pertineret
701 1541 761 1634 (ἢ),
791 1542 908 1626 Quum
936 1546 1053 1614 autem
1077 1551 1251 1634 ὀλιγόστιχον
1270 1541 1320 1636 (3)

178 1641 182 1648 ’
231 1669 233 1672 ‘
346 1660 556 1733 cantilenam
592 1658 757 1748 finierat,
794 1660 964 1732 citharam
1003 1663 1225 1751 myrtumque
1263 1660 1321 1730 oui

347 1779 572 1850 convivarum
598 1775 723 1864 vellet,
753 1777 877 1848 ordine
908 1797 980 1846 nou
1011 1782 1171 1865 servato,
1203 1776 1319 1848 dabat.

347 1894 417 1978 Qui
441 1897 611 1966 citharam
650 1898 685 1964 et
716 1913 853 1964 ramum
876 1893 1092 1985 accipiebat,
1120 1894 1192 1973 nisi
1218 1893 1323 1966 vellet

346 2031 411 2102 pro
432 2011 574 2082 indocto
599 2009 739 2099 haberi,
765 2011 860 2102 quod
880 2009 1022 2101 quidem
1046 2010 1131 2080 olim
1156 2011 1320 2082 Themis-

346 2126 429 2199 tocli
463 2128 592 2200 accidit
619 2125 689 2218 (4),
721 2126 818 2196 idem
847 2132 1094 2218 argumentum
1125 2128 1320 2212 tractabat,

349 2244 449 2335 cujus
471 2248 610 2333 tamen,
634 2242 780 2314 servatis
805 2246 976 2334 quantum
1001 2242 1080 2314 fieri
1107 2242 1231 2314 liceret
1253 2265 1321 2315 nu-

349 2361 480 2451 meris,
504 2367 539 2433 et
565 2360 673 2432 verba
693 2365 728 2431 et
751 2360 945 2430 sententias
968 2361 1135 2432 variabat.
1158 2361 1323 2445 -Quod

303 2517 310 2535 -
350 2478 383 2549 si
403 2478 447 2550 ad
467 2478 639 2550 citharam
667 2496 795 2548 canere
819 2476 992 2568 nesciret,
1015 2479 1059 2549 ad
1086 2484 1240 2568 myrtum
1267 2497 1322 2548 oa·

350 2595 468 2687 nebat,
487 2598 556 2667 hoo
576 2600 641 2685 est,
664 2594 797 2686 aliquot
812 2595 989 2666 notissimi
1008 2596 1190 2687 quusdam
1211 2601 1322 2688 poetae

349 2733 489 2803 versus,
511 2719 701 2786 autunum
727 2734 770 2782 ex
788 2695 1039 2804 vulgatissimis
1064 2712 1199 2804 scoliis,
1220 2714 1325 2806 myrti

350 2849 488 2902 ramum
514 2847 623 2901 manu
648 2832 793 2919 tenens,
814 2829 997 2901 recitabat.

339 3015 342 3022 ,
395 2947 593 3041 Aliquando
622 2947 727 3019 etiam
761 2948 962 3018 convivator
991 2948 1035 3019 ab
1066 2947 1196 3040 inclyto
1212 2952 1325 3040 'poeta

353 3085 496 3138 carmen
515 3065 679 3158 rogabat,
693 3064 797 3156 quod
821 3066 860 3135 in
880 3084 981 3138 coena
1001 3070 1205 3157 caueretur,
1224 3071 1264 3136 ut
1282 3086 1325 3136 ex

351 3184 419 3255 hoc
437 3183 582 3254 Pindari
600 3183 677 3253 loco
696 3180 807 3274 liquet
826 3205 832 3253 :

387 3496 423 3563 (l)
441 3498 478 3549 Itu
495 3496 560 3548 enlm
579 3495 737 3560 intelligenda
756 3503 813 3549 suut
834 3497 972 3550 Artemonis
989 3499 1063 3551 verba
1075 3498 1156 3565 (apud
1174 3499 1260 3550 Athen.
1275 3498 1327 3551 XV.

354 3601 401 3652 oet
422 3599 488 3660 B.):
511 3588 542 3649 cb
566 3588 596 3648 δὲ
619 3591 740 3650 τοιοῦτον
763 3587 871 3671 ᾔδετο,
902 3588 985 3652 ὁπότε
1012 3590 1047 3652 τὰ
1071 3591 1149 3654 κοινὰ
1173 3590 1220 3653 καὶ
1247 3595 1327 3652 πᾶσιν

313 3705 316 3710 ’
355 3695 494 3777 ἀναγκαῖα
507 3697 592 3770 cellon
605 3696 733 3776 λοὶὄοιεν;
750 3717 804 3768 quae
822 3717 895 3768 prave
912 3705 946 3756 sic
963 3705 1034 3758 vertit
1052 3709 1104 3758 Jac.
1121 3707 1326 3772 Dalechampius:

359 3823 369 3853 u
385 3807 493 3858 scoliam
507 3805 608 3870 quidem
621 3806 765 3867 canebatur,
789 3819 864 3871 quum
885 3819 969 3857 corum
984 3822 1037 3873 qrrc
1058 3809 1168 3860 omnibus
1192 3808 1327 3860 communia

354 3908 377 3949 et
397 3890 535 3952 necessaria
555 3900 699 3951 ministrata
716 3898 828 3963 fueruat,
838 3899 894 3964 jum
905 3898 961 3963 finis
976 3909 1044 3955 esset.
1065 3921 1121 3946 n-
1135 3900 1171 3955 (ll.
1190 3899 1326 3964 Sclrwcigb
1427 3967 1428 3971 ἵ

355 3992 455 4054 Athen„
469 4001 487 4046 t.
500 3994 528 4055 V,
542 4007 569 4057 p.
585 3996 642 4044 535.

388 4080 419 4145 (2)
438 4083 493 4136 Alb.
508 4075 559 4135 XV.
573 4086 630 4138 69l.
645 4085 674 4136 B.
688 4085 716 4136 C.

389 4183 422 4248 (3)
442 4184 541 4246 Suidus,
557 4199 582 4238 v.
601 4176 722 4242 σκολιὸν.

390 4281 420 4346 (bl
439 4283 516 4338 Cicer.
532 4286 604 4339 Tusc.
620 4286 643 4346 l,
659 4290 683 4340 2.
