3324 5482
881 697 1056 770 -66-
1111 643 1113 646 Ι

485 871 590 928 Vinum
608 869 682 926 enim
697 869 823 926 Semeles
838 875 865 924 et
879 871 952 926 iovis
966 870 1040 927 filius
1055 887 1186 937 curarum
1201 872 1368 931 oblivionem

484 969 645 1027 hominibus
655 969 731 1025 dedit
744 988 750 1024 :
766 969 882 1024 infunde
892 971 1012 1026 miscens
1023 987 1112 1026 unum
1123 977 1150 1026 ct
1164 971 1221 1026 duo
1233 973 1354 1046 (cyathos
1365 977 1460 1047 aquae)

482 1069 573 1142 plenis
588 1068 748 1144 (poculis),
768 1073 932 1142 etpraeceps
946 1071 1018 1127 alter
1031 1072 1101 1128 calix
1115 1073 1235 1128 alterum

484 1170 619 1228 extrudat.
717 1225 719 1228 .

526 1366 608 1437 Non
629 1387 769 1458 semper
799 1368 893 1441 inter
909 1389 955 1438 se
983 1389 1181 1438 convenere
1212 1370 1454 1460 grammatici,

391 1482 416 1570 ’Β
481 1484 568 1574 quid
594 1483 834 1574 significarent
863 1485 936 1554 bac
968 1485 1105 1555 verba:
1138 1493 1330 1578 ἔγχεεκίρνας
1344 1495 1392 1558 ἕνα
1406 1494 1455 1557 καὶ

482 1608 528 1670 δύο
542 1609 659 1682 uiciate.
691 1600 884 1672 Chamelao
907 1602 1093 1690 Ponticus,
1116 1601 1159 1672 ab
1189 1603 1353 1673 Athenaeo
1375 1603 1454 1674 lau-

481 1717 582 1787 datus
607 1717 674 1806 (i),
702 1739 836 1809 negans
869 1718 1022 1788 Alcaeum
1054 1739 1096 1789 co
1119 1740 1223 1789 versu
1247 1720 1290 1789 de
1316 1726 1455 1810 tempe·

481 1836 600 1901 ratura
624 1831 698 1899 uini
737 1831 893 1902 locutum
928 1853 1026 1919 esse,
1057 1831 1249 1921 significari
1286 1853 1306 1903 a
1337 1833 1457 1903 sobrio

479 1953 583 2038 poeta
596 1947 704 2017 voluit
725 1973 742 2010 «
764 1970 802 2018 se
822 1950 860 2018 in
876 1949 1192 2038 compotationibus
1211 1968 1321 2023 unum
1340 1949 1466 2038 primo·

478 2065 644 2153 poculum
662 2066 752 2134 meri
776 2066 918 2135 solitum
936 2066 1103 2153 educere,
1128 2051 1255 2134 deinde
1275 2066 1360 2152 du0‚
1383 2085 1456 2134 non

464 2182 642 2272 amplius.
681 2209 697 2247 u
736 2182 834 2252 Duce
871 2183 917 2251 Is.
938 2181 1163 2252 ·Casaub0n0
1199 2181 1250 2272 (2)
1287 2181 1456 2251 libentius

481 2300 662 2368 crederem
695 2297 849 2367 Alcaeum
882 2298 938 2367 his
964 2299 1080 2368 verbis
1109 2297 1233 2388 jubere
1259 2319 1275 2365 u
1301 2302 1339 2367 ut
1366 2319 1457 2387 puer

481 2436 502 2486 a
522 2414 658 2506 poculis
683 2414 805 2484 vinum
831 2414 991 2484 demere
1016 2416 1054 2483 in
1075 2421 1209 2486 cratera
1232 2415 1394 2500 misceat,
1409 2428 1455 2484 'eo

476 2543 610 2623 κράσεως
640 2553 770 2624 genere
793 2533 886 2623 quod
907 2526 1096 2602 vocabatur
1119 2534 1162 2613 εἷς
1177 2539 1225 2602 καὶ
1244 2539 1302 2620 δύο,
1326 2553 1453 2622 quum,

478 2647 606 2719 infusis
620 2648 659 2717 in
676 2654 810 2718 cratere
828 2649 961 2740 cyathis
982 2648 1119 2718 duobus
1139 2649 1225 2736 vini,
1248 2669 1343 2738 aqua
1363 2669 1456 2718 unus

479 2763 688 2834 infunditur.
718 2765 921 2835 »Vidimus
954 2765 1071 2852 enim,
1100 2785 1216 2855 neque
1251 2765 1288 2833 id
1321 2764 1453 2853 semel,

483 2886 699 2971 quantopere
720 2882 855 2951 Alcaeus
875 2882 949 2951 vini
975 2886 1069 2951 esset
1092 2881 1281 2951 studiosus.

524 2997 629 3068 Nunc
652 2998 805 3068 Alcaeum
827 3018 1048 3090 quocumque
1068 2996 1144 3067 vitae
1162 3003 1252 3068 statu
1274 2997 1454 3067 bibentem

482 3114 681 3196 videamus

525 3359 581 3434 n.)
597 3389 642 3404 -
661 3349 699 3420 Si
721 3352 831 3422 tristis
857 3356 930 3438 est,
957 3369 1059 3422 curas
1082 3351 1163 3420 vino
1185 3349 1340 3421 levabit:

643 3557 683 3620 Οὐ
696 3558 752 3639 χρὴ
767 3561 877 3620 κακοῖσι
891 3557 975 3637 θυμὸν
990 3557 1143 3640 ἐπιτρέπειν
1160 3581 1167 3595 ·

642 3667 834 3749 προσκόψομεν
848 3666 903 3748 γὰρ
918 3665 994 3727 autu
1010 3665 1140 3744 ἀσάμενοι
1153 3715 1160 3747 ,

644 3770 790 3857 ὧΒὺκχι,
806 3778 950 3859 φάρμακον
969 3772 1117 3856 δ’ἄριστο1

645 3877 719 3944 οἶνον
733 3883 909 3962 &vernantior
922 3882 1058 3960 μεθύσθην
1076 3880 1129 3966 (3).

520 4132 557 4201 (1)
577 4133 675 4215 Athen,
690 4137 722 4197 Χ,
736 4138 794 4190 ido.
810 4138 838 4188 Α.
1145 4199 1152 4214 .

523 4232 558 4294 (2)
578 4231 610 4279 is.
626 4230 770 4288 casaubon,
785 4230 913 4278 Animadu.
926 4228 953 4278 in
967 4227 1066 4288 Athen„
1081 4231 1110 4290 X,
1124 4231 1149 4281 8.

521 4325 555 4390 (a)
577 4324 674 4384 eruut,
691 4326 722 4384 x,
736 4325 790 4376 uae.
808 4325 836 4374 u.
