3324 5482
630 728 806 798 ..45-

272 897 503 971 Notissimum
532 897 600 966 hoc
639 919 783 968 carmen
817 896 910 986 apud
943 894 1082 969 Graecos
1106 898 1200 969 fuit:

228 1020 276 1088 ait
295 1013 518 1104 enimelato,
534 1013 573 1082 in
593 1013 730 1105 Gorpe'u
745 1011 807 1104 (1);
832 1039 849 1074 u
875 1013 963 1083 Puto
978 1019 1012 1084 te
1028 1014 1203 1084 audivisse

226 1136 265 1206 in
291 1130 460 1204 conviviis
487 1129 650 1200 homines
672 1130 761 1200 illud
787 1129 922 1199 seolion
949 1136 1160 1200 canentes...
1185 1150 1202 1197 »

272 1249 394 1319 Mediae
412 1247 590 1317 comaediae
611 1251 732 1336 poeta,
758 1245 1026 1316 Anaxandrides
1048 1247 1113 1337 (2),
1132 1266 1205 1315 non

176 1445 179 1450 ,
227 1365 322 1436 idem
341 1362 444 1454 plane
468 1367 572 1452 atque
597 1360 797 1431 Simonides
826 1361 934 1431 sentit
958 1383 967 1448 ;
995 1360 1082 1429 dixit
1110 1362 1205 1430 enim

157 1477 573 1568 >mmmfflz

211 1699 213 1704 ·
320 1699 333 1734 a
355 1679 409 1746 Qui
422 1677 529 1735 seolion
545 1675 717 1748 excogitavit,
732 1676 790 1747 ille,
807 1676 935 1749 quisquis
949 1676 1022 1747 fuit,

318 1779 466 1835 sanitatem
482 1777 597 1852 quidem
609 1776 701 1849 primo
716 1776 777 1832 loco
785 1819 794 1847 ,
810 1777 876 1848 quia
890 1776 995 1849 optima
1006 1775 1055 1846 sit,

318 1876 470 1934 nominavit
482 1881 559 1932 reete
573 1892 581 1948 ;
597 1874 721 1931 seeundo
736 1879 830 1930 autem
845 1880 1039 1945 venustatem,

319 1977 459 2048 tertioque
474 1974 591 2032 diuitias.
609 1974 650 2030 Ita
668 1975 789 2046 loeutus,
804 1975 893 2045 vides,
907 1974 1065 2032 insaniebat
1078 1993 1085 2042 ;

321 2092 386 2131 nam
401 2082 465 2150 post
478 2074 626 2130 sanitatem
643 2089 710 2146 opes
724 2074 906 2145 praecellunt,

319 2175 437 2248 pulcher
450 2180 545 2231 autern
557 2173 599 2228 vir
612 2172 740 2229 esuriens
752 2180 836 2248 turpe
848 2174 952 2229 animal
968 2180 1017 2234 est.
1044 2194 1056 2230 r

219 2413 223 2421 -
277 2366 608 2446 ris-Timocreon
631 2364 790 2435 Rhodius
810 2361 868 2452 (1),
886 2363 1051 2454 inprimis
1065 2361 1209 2433 tamesis

183 2488 192 2509 ⁰
233 2482 395 2553 versibus
424 2488 552 2572 notus,
585 2482 713 2573 quibus
743 2480 1016 2551 Themistoclem
1053 2479 1209 2549 SImoni-

235 2599 386 2690 demque
419 2597 527 2670 Ceum
565 2599 717 2683 arrosit,
757 2596 891 2667 suellen
927 2598 970 2666 de
1006 2595 1209 2666 divitiarum

236 2721 438 2807 contemptu
450 2717 546 2806 feeit,
563 2716 668 2807 qued,
686 2720 725 2784 ut
737 2716 785 2784 ait
796 2713 953 2784 Isidorus
965 2710 1143 2782 Pelusiota
1150 2709 1208 2799 (5),

235 2832 519 2925 frequentissime
537 2834 577 2903 in
596 2833 765 2904 conviviis
786 2832 1046 2924 usurpabatur:

270 3053 302 3113 (1)
322 3050 399 3116 Gorp.
416 3067 438 3106 c.
454 3067 499 3104 ur.
907 3093 909 3095 ,

271 3141 306 3204 (1)
326 3140 396 3192 Circa
418 3141 517 3208 Olymp.
535 3143 576 3194 CI.
599 3143 663 3207 (653
676 3157 698 3194 a.
714 3141 772 3206 eh.)
785 3141 906 3202 florebat,
921 3154 950 3191 ex
963 3152 1085 3191 marmore
1096 3138 1213 3191 Arundel.

237 3233 321 3296 epmh.
339 3236 379 3287 st.

272 3327 303 3390 (3]
321 3328 409 3381 Athen.
430 3329 479 3381 XV.
502 3332 558 3383 eea.
573 3331 601 3380 E.
618 3348 652 3369 ι-
668 3331 735 3380 Poet.
755 3327 841 3380 remis.
866 3340 937 3391 grae.
955 3325 1042 3390 fragm.
1064 3324 1110 3377 Ed.
1126 3324 1212 3386 Didot,

239 3421 423 3485 p.t21.-ct
441 3421 575 3475 Philemon.
591 3423 676 3486 hegin
693 3422 791 3474 LXVIII
806 3421 852 3482 (ex
867 3421 980 3482 Luciam,
998 3420 1051 3471 Pro
1065 3419 1137 3483 lapsu
1150 3419 1216 3468 inter

240 3511 430 3579 satut.,e.v1).
551 3525 552 3528 ’

341 3629 430 3695 ’Άιτω
445 3631 473 3694 δ’
483 3631 586 3713 ὑγίειαν
601 3637 721 3718 πρῶτον,
739 3629 975 3717 εἴτέὖπραξίαν,

341 3741 431 3824 τρίτον
446 3741 476 3803 δὲ
490 3741 616 3826 χαίρειν,
632 3738 816 3825 εἶτ’ὂφεΐλειν
833 3741 940 3822 μηδενί.

278 3880 310 3945 (1)
329 3876 410 3942 Hujus
423 3879 519 3930 athleta
530 3885 608 3944 poeta
620 3879 717 3931 tumulo
729 3891 827 3930 carmen
839 3877 985 3943 iuscriptum
996 3881 1032 3928 est
1046 3891 1053 3925 :

319 3995 424 4059 hotta
438 3999 518 4079 πιὼν,
535 3998 582 4060 καὶ
596 3998 694 4060 πολλὰ
708 3997 819 4081 φαγὼν,
835 3994 882 4061 καὶ
897 3993 995 4058 πολλὰ
1009 3991 1074 4057 κακ’
1090 3988 1173 4054 εἰπὼν

400 4105 574 4188 ἀνθρώποις,
591 4110 689 4186 κεῖμαι
703 4106 864 4188 Τιμοκρέων
886 4103 1001 4177 Ῥόδιος.

835 4215 950 4279 (num,
964 4217 999 4276 u,
1015 4216 1071 4268 ns.
1086 4212 1122 4275 r.)

278 4342 313 4408 (⁵)
331 4342 404 4408 Eril,
419 4345 457 4405 11,
472 4346 538 4398 ms:
560 4357 572 4393 «
597 4332 684 4409 ”neae
697 4329 732 4413 ἦν
746 4332 867 4396 παλαιὸν
891 4333 962 4415 μετὰ
980 4333 1030 4411 τὴν
1050 4328 1213 4393 severtium
