<?xml version="1.0" encoding="UTF-8"?>
<!DOCTYPE html PUBLIC "-//W3C//DTD XHTML 1.0 Transitional//EN"
    "http://www.w3.org/TR/xhtml1/DTD/xhtml1-transitional.dtd">
<html xmlns="http://www.w3.org/1999/xhtml" xml:lang="en" lang="en">
 <head>
  <title>
</title>
<meta http-equiv="Content-Type" content="text/html;charset=utf-8" />
  <meta name='ocr-system' content='tesseract 3.04.00' />
  <meta name='ocr-capabilities' content='ocr_page ocr_carea ocr_par ocr_line ocrx_word'/>
</head>
<body>
  <div class='ocr_page' id='page_1' title='image "./descoliissivede00gastgoog_0066.png"; bbox 0 0 3324 5482; ppageno 0'>
   <div class='ocr_carea' id='block_1_1' title="bbox 735 754 911 825">
    <p class='ocr_par' dir='ltr' id='par_1_1' title="bbox 735 754 911 825">
     <span class='ocr_line' id='line_1_1' title="bbox 735 754 911 825; baseline 0.006 -16"><span class='ocrx_word' id='word_1_1' title='bbox 735 754 911 825; x_wconf 69' lang='lat'>..55-</span> 
     </span>
    </p>
   </div>
   <div class='ocr_carea' id='block_1_2' title="bbox 340 927 1310 1137">
    <p class='ocr_par' dir='ltr' id='par_1_2' title="bbox 340 927 1310 1137">
     <span class='ocr_line' id='line_1_2' title="bbox 340 927 1310 1019; baseline -0.001 -18"><span class='ocrx_word' id='word_1_2' title='bbox 340 934 481 1001; x_wconf 80' lang='lat' dir='ltr'>veretur</span> <span class='ocrx_word' id='word_1_3' title='bbox 516 928 706 1014; x_wconf 85' lang='lat' dir='ltr'>memoria,</span> <span class='ocrx_word' id='word_1_4' title='bbox 742 928 819 1000; x_wconf 82' lang='lat' dir='ltr'>haee</span> <span class='ocrx_word' id='word_1_5' title='bbox 846 927 915 998; x_wconf 92' lang='lat' dir='ltr'>duo</span> <span class='ocrx_word' id='word_1_6' title='bbox 946 929 1123 1019; x_wconf 81' lang='lat' dir='ltr'>praecipue</span> <span class='ocrx_word' id='word_1_7' title='bbox 1158 930 1310 1001; x_wconf 83' lang='lat' dir='ltr'>notanda</span> 
     </span>
     <span class='ocr_line' id='line_1_3' title="bbox 342 1044 521 1137; baseline -0.006 -20"><span class='ocrx_word' id='word_1_8' title='bbox 342 1051 424 1118; x_wconf 86' lang='lat' dir='ltr'>sunt</span> <span class='ocrx_word' id='word_1_9' title='bbox 442 1044 494 1137; x_wconf 78' lang='lat'>(1)</span> <span class='ocrx_word' id='word_1_10' title='bbox 512 1068 521 1116; x_wconf 76' lang='grc' dir='ltr'>ο</span> 
     </span>
    </p>
   </div>
   <div class='ocr_carea' id='block_1_3' title="bbox 377 1274 1066 1383">
    <p class='ocr_par' dir='ltr' id='par_1_3' title="bbox 377 1274 1066 1383">
     <span class='ocr_line' id='line_1_4' title="bbox 377 1274 1066 1383; baseline 0.001 -26"><span class='ocrx_word' id='word_1_11' title='bbox 377 1307 439 1383; x_wconf 77' lang='grc' dir='ltr'>Α.)</span> <span class='ocrx_word' id='word_1_12' title='bbox 451 1337 487 1351; x_wconf 89' lang='grc'>-</span> <span class='ocrx_word' id='word_1_13' title='bbox 500 1296 539 1357; x_wconf 85' lang='grc' dir='ltr'><strong>Ὦ</strong></span> <span class='ocrx_word' id='word_1_14' title='bbox 552 1295 624 1375; x_wconf 82' lang='grc' dir='ltr'>Πὰν,</span> <span class='ocrx_word' id='word_1_15' title='bbox 633 1274 636 1280; x_wconf 41' lang='grc'><strong>’</strong></span> <span class='ocrx_word' id='word_1_16' title='bbox 645 1293 794 1378; x_wconf 76' lang='grc' dir='ltr'>Ἀρκαδίας</span> <span class='ocrx_word' id='word_1_17' title='bbox 810 1295 902 1373; x_wconf 82' lang='grc' dir='ltr'>μέδων</span> <span class='ocrx_word' id='word_1_18' title='bbox 915 1294 1066 1376; x_wconf 76' lang='grc' dir='ltr'>κλεεννᾶς,</span> 
     </span>
    </p>
   </div>
   <div class='ocr_carea' id='block_1_4' title="bbox 502 1401 1084 1700">
    <p class='ocr_par' dir='ltr' id='par_1_4' title="bbox 502 1401 1084 1700">
     <span class='ocr_line' id='line_1_5' title="bbox 502 1401 1057 1487; baseline -0.002 -21"><span class='ocrx_word' id='word_1_19' title='bbox 502 1402 646 1486; x_wconf 73' lang='grc' dir='ltr'>ὀρχηστὰ,</span> <span class='ocrx_word' id='word_1_20' title='bbox 661 1401 795 1485; x_wconf 79' lang='grc' dir='ltr'><strong>Βρομίαις</strong></span> <span class='ocrx_word' id='word_1_21' title='bbox 808 1401 895 1464; x_wconf 62' lang='lat' dir='ltr'>tuate</span> <span class='ocrx_word' id='word_1_22' title='bbox 912 1404 1057 1487; x_wconf 71' lang='grc' dir='ltr'>Νύμφαις,</span> 
     </span>
     <span class='ocr_line' id='line_1_6' title="bbox 502 1506 947 1593; baseline -0.002 -20"><span class='ocrx_word' id='word_1_23' title='bbox 502 1512 666 1593; x_wconf 75' lang='grc' dir='ltr'><strong>γελάσειας,</strong></span> <span class='ocrx_word' id='word_1_24' title='bbox 682 1506 705 1571; x_wconf 86' lang='grc' dir='ltr'><em>ὦ</em></span> <span class='ocrx_word' id='word_1_25' title='bbox 719 1510 791 1590; x_wconf 80' lang='grc' dir='ltr'>Πὰν,</span> <span class='ocrx_word' id='word_1_26' title='bbox 808 1509 947 1588; x_wconf 81' lang='grc' dir='ltr'>ἐπ’ἐμοιῖς</span> 
     </span>
     <span class='ocr_line' id='line_1_7' title="bbox 504 1613 1084 1700; baseline -0.003 -20"><span class='ocrx_word' id='word_1_27' title='bbox 504 1615 675 1700; x_wconf 72' lang='grc' dir='ltr'>εὐφροσύναις</span> <span class='ocrx_word' id='word_1_28' title='bbox 691 1613 800 1690; x_wconf 74' lang='grc' dir='ltr'>ἀοιδαῖς</span> <span class='ocrx_word' id='word_1_29' title='bbox 814 1616 1010 1698; x_wconf 74' lang='grc' dir='ltr'>κεχαρημένος</span> <span class='ocrx_word' id='word_1_30' title='bbox 1029 1617 1084 1699; x_wconf 76' lang='grc'><strong>(2).</strong></span> 
     </span>
    </p>
   </div>
   <div class='ocr_carea' id='block_1_5' title="bbox 500 1859 1182 2231">
    <p class='ocr_par' dir='ltr' id='par_1_5' title="bbox 506 1859 1002 1933">
     <span class='ocr_line' id='line_1_8' title="bbox 506 1859 1002 1933; baseline -0.008 -13"><span class='ocrx_word' id='word_1_31' title='bbox 506 1862 529 1920; x_wconf 95' lang='grc' dir='ltr'><strong>Ο</strong></span> <span class='ocrx_word' id='word_1_32' title='bbox 544 1861 622 1930; x_wconf 87' lang='lat' dir='ltr'>Pan,</span> <span class='ocrx_word' id='word_1_33' title='bbox 638 1859 764 1916; x_wconf 75' lang='lat' dir='ltr'><strong>Arcadiae</strong></span> <span class='ocrx_word' id='word_1_34' title='bbox 777 1864 871 1918; x_wconf 84' lang='lat' dir='ltr'>rector</span> <span class='ocrx_word' id='word_1_35' title='bbox 882 1859 1002 1933; x_wconf 79' lang='lat' dir='ltr'>inclyte,</span> 
     </span>
    </p>

    <p class='ocr_par' dir='ltr' id='par_1_6' title="bbox 504 1959 1182 2130">
     <span class='ocr_line' id='line_1_9' title="bbox 504 1959 1182 2034; baseline 0 -18"><span class='ocrx_word' id='word_1_36' title='bbox 504 1960 554 2033; x_wconf 88' lang='lat' dir='ltr'>qui</span> <span class='ocrx_word' id='word_1_37' title='bbox 567 1959 684 2016; x_wconf 87' lang='lat' dir='ltr'>saltator</span> <span class='ocrx_word' id='word_1_38' title='bbox 697 1959 825 2032; x_wconf 88' lang='lat' dir='ltr'>sequeris</span> <span class='ocrx_word' id='word_1_39' title='bbox 837 1959 1008 2017; x_wconf 84' lang='lat' dir='ltr'>Bacchantes</span> <span class='ocrx_word' id='word_1_40' title='bbox 1021 1960 1162 2034; x_wconf 77' lang='lat' dir='ltr'><strong>Nymphas</strong></span> <span class='ocrx_word' id='word_1_41' title='bbox 1175 2001 1182 2031; x_wconf 91' lang='lat'>‚</span> 
     </span>
     <span class='ocr_line' id='line_1_10' title="bbox 504 2056 862 2130; baseline -0.006 -16"><span class='ocrx_word' id='word_1_42' title='bbox 504 2057 617 2128; x_wconf 87' lang='lat' dir='ltr'>arride,</span> <span class='ocrx_word' id='word_1_43' title='bbox 637 2057 744 2130; x_wconf 87' lang='lat' dir='ltr'>oPan,</span> <span class='ocrx_word' id='word_1_44' title='bbox 759 2056 862 2114; x_wconf 89' lang='lat' dir='ltr'>nostris</span> 
     </span>
    </p>

    <p class='ocr_par' dir='ltr' id='par_1_7' title="bbox 500 2155 1004 2231">
     <span class='ocr_line' id='line_1_11' title="bbox 500 2155 1004 2231; baseline -0.002 -16"><span class='ocrx_word' id='word_1_45' title='bbox 500 2156 634 2231; x_wconf 83' lang='lat' dir='ltr'>jucundis</span> <span class='ocrx_word' id='word_1_46' title='bbox 650 2155 821 2214; x_wconf 82' lang='lat' dir='ltr'><strong>carminibus</strong></span> <span class='ocrx_word' id='word_1_47' title='bbox 835 2155 1004 2214; x_wconf 73' lang='lat' dir='ltr'>laetissimus.</span> 
     </span>
    </p>
   </div>
   <div class='ocr_carea' id='block_1_6' title="bbox 345 2391 1321 4008">
    <p class='ocr_par' dir='ltr' id='par_1_8' title="bbox 345 2391 1321 3891">
     <span class='ocr_line' id='line_1_12' title="bbox 390 2391 1317 2464; baseline -0.002 0"><span class='ocrx_word' id='word_1_48' title='bbox 390 2394 546 2464; x_wconf 80' lang='lat' dir='ltr'>Atticum</span> <span class='ocrx_word' id='word_1_49' title='bbox 567 2394 635 2464; x_wconf 89' lang='lat' dir='ltr'>hoo</span> <span class='ocrx_word' id='word_1_50' title='bbox 656 2392 791 2464; x_wconf 87' lang='lat' dir='ltr'>sooliou</span> <span class='ocrx_word' id='word_1_51' title='bbox 814 2393 852 2461; x_wconf 89' lang='lat' dir='ltr'>in</span> <span class='ocrx_word' id='word_1_52' title='bbox 876 2392 1049 2463; x_wconf 89' lang='lat' dir='ltr'>honorem</span> <span class='ocrx_word' id='word_1_53' title='bbox 1076 2391 1183 2463; x_wconf 82' lang='lat' dir='ltr'>Panis</span> <span class='ocrx_word' id='word_1_54' title='bbox 1205 2391 1317 2462; x_wconf 87' lang='lat' dir='ltr'>Athe·</span> 
     </span>
     <span class='ocr_line' id='line_1_13' title="bbox 347 2508 1318 2602; baseline -0.002 -20"><span class='ocrx_word' id='word_1_55' title='bbox 347 2509 532 2582; x_wconf 86' lang='lat' dir='ltr'>niensibus</span> <span class='ocrx_word' id='word_1_56' title='bbox 561 2511 600 2579; x_wconf 89' lang='lat' dir='ltr'>in</span> <span class='ocrx_word' id='word_1_57' title='bbox 620 2531 740 2602; x_wconf 82' lang='lat' dir='ltr'>pugna</span> <span class='ocrx_word' id='word_1_58' title='bbox 765 2508 985 2581; x_wconf 84' lang='lat' dir='ltr'>Marathonia</span> <span class='ocrx_word' id='word_1_59' title='bbox 1014 2508 1181 2600; x_wconf 76' lang='lat' dir='ltr'>adJutoris</span> <span class='ocrx_word' id='word_1_60' title='bbox 1210 2528 1318 2580; x_wconf 87' lang='lat' dir='ltr'>eane·</span> 
     </span>
     <span class='ocr_line' id='line_1_14' title="bbox 346 2623 1319 2699; baseline -0.002 -1"><span class='ocrx_word' id='word_1_61' title='bbox 346 2627 460 2699; x_wconf 85' lang='lat' dir='ltr'>batur.</span> <span class='ocrx_word' id='word_1_62' title='bbox 480 2665 522 2679; x_wconf 89' lang='lat'>--</span> <span class='ocrx_word' id='word_1_63' title='bbox 537 2627 665 2697; x_wconf 84' lang='lat' dir='ltr'><strong>Paucis</strong></span> <span class='ocrx_word' id='word_1_64' title='bbox 685 2627 781 2697; x_wconf 89' lang='lat' dir='ltr'>enim</span> <span class='ocrx_word' id='word_1_65' title='bbox 804 2626 929 2696; x_wconf 88' lang='lat' dir='ltr'>diebus</span> <span class='ocrx_word' id='word_1_66' title='bbox 951 2631 1032 2696; x_wconf 88' lang='lat' dir='ltr'>ante</span> <span class='ocrx_word' id='word_1_67' title='bbox 1053 2623 1319 2696; x_wconf 83' lang='lat' dir='ltr'>memorabilem</span> 
     </span>
     <span class='ocr_line' id='line_1_15' title="bbox 345 2742 1317 2836; baseline -0.003 -21"><span class='ocrx_word' id='word_1_68' title='bbox 345 2745 437 2816; x_wconf 86' lang='lat' dir='ltr'>hane</span> <span class='ocrx_word' id='word_1_69' title='bbox 465 2765 644 2836; x_wconf 81' lang='lat' dir='ltr'>pugnam,</span> <span class='ocrx_word' id='word_1_70' title='bbox 665 2743 904 2814; x_wconf 85' lang='lat' dir='ltr'><strong>Athenienses</strong></span> <span class='ocrx_word' id='word_1_71' title='bbox 928 2742 1090 2834; x_wconf 84' lang='lat' dir='ltr'>Spartam</span> <span class='ocrx_word' id='word_1_72' title='bbox 1121 2743 1317 2833; x_wconf 86' lang='lat' dir='ltr'>miserunt,</span> 
     </span>
     <span class='ocr_line' id='line_1_16' title="bbox 347 2860 1318 2950; baseline -0.001 -18"><span class='ocrx_word' id='word_1_73' title='bbox 347 2861 390 2932; x_wconf 90' lang='lat' dir='ltr'>de</span> <span class='ocrx_word' id='word_1_74' title='bbox 424 2863 614 2933; x_wconf 82' lang='lat' dir='ltr'>Persarum</span> <span class='ocrx_word' id='word_1_75' title='bbox 646 2861 683 2930; x_wconf 90' lang='lat' dir='ltr'>in</span> <span class='ocrx_word' id='word_1_76' title='bbox 712 2861 865 2932; x_wconf 81' lang='lat' dir='ltr'>Atticam</span> <span class='ocrx_word' id='word_1_77' title='bbox 893 2861 1115 2950; x_wconf 83' lang='lat' dir='ltr'>incursione,</span> <span class='ocrx_word' id='word_1_78' title='bbox 1152 2860 1318 2939; x_wconf 77' lang='lat' dir='ltr'>hemero-</span> 
     </span>
     <span class='ocr_line' id='line_1_17' title="bbox 347 2977 1318 3069; baseline 0 -21"><span class='ocrx_word' id='word_1_79' title='bbox 347 2980 510 3050; x_wconf 90' lang='lat' dir='ltr'>dromum</span> <span class='ocrx_word' id='word_1_80' title='bbox 538 2979 799 3069; x_wconf 87' lang='lat' dir='ltr'>Phidippidem.</span> <span class='ocrx_word' id='word_1_81' title='bbox 827 2978 896 3060; x_wconf 87' lang='lat' dir='ltr'>Qui</span> <span class='ocrx_word' id='word_1_82' title='bbox 921 2977 1198 3049; x_wconf 79' lang='lat' dir='ltr'>Atheniensibus</span> <span class='ocrx_word' id='word_1_83' title='bbox 1223 2998 1318 3048; x_wconf 89' lang='lat' dir='ltr'>nun-</span> 
     </span>
     <span class='ocr_line' id='line_1_18' title="bbox 347 3096 1319 3188; baseline -0.001 -21"><span class='ocrx_word' id='word_1_84' title='bbox 347 3098 443 3168; x_wconf 82' lang='lat' dir='ltr'>tiavit</span> <span class='ocrx_word' id='word_1_85' title='bbox 466 3097 510 3168; x_wconf 87' lang='lat' dir='ltr'>ad</span> <span class='ocrx_word' id='word_1_86' title='bbox 525 3097 756 3167; x_wconf 83' lang='lat' dir='ltr'>Parthenium</span> <span class='ocrx_word' id='word_1_87' title='bbox 782 3096 928 3186; x_wconf 86' lang='lat' dir='ltr'>saltum,</span> <span class='ocrx_word' id='word_1_88' title='bbox 951 3097 1012 3188; x_wconf 90' lang='lat' dir='ltr'>qui</span> <span class='ocrx_word' id='word_1_89' title='bbox 1038 3117 1146 3188; x_wconf 85' lang='lat' dir='ltr'>supra</span> <span class='ocrx_word' id='word_1_90' title='bbox 1167 3097 1319 3188; x_wconf 84' lang='lat' dir='ltr'>Tegeam</span> 
     </span>
     <span class='ocr_line' id='line_1_19' title="bbox 347 3213 1318 3306; baseline 0.002 -22"><span class='ocrx_word' id='word_1_91' title='bbox 347 3219 426 3303; x_wconf 85' lang='lat' dir='ltr'>est,</span> <span class='ocrx_word' id='word_1_92' title='bbox 454 3215 560 3284; x_wconf 87' lang='lat' dir='ltr'>deum</span> <span class='ocrx_word' id='word_1_93' title='bbox 588 3213 721 3285; x_wconf 86' lang='lat' dir='ltr'>Panem</span> <span class='ocrx_word' id='word_1_94' title='bbox 754 3213 822 3285; x_wconf 91' lang='lat' dir='ltr'>sibi</span> <span class='ocrx_word' id='word_1_95' title='bbox 851 3214 989 3284; x_wconf 87' lang='lat' dir='ltr'>obviam</span> <span class='ocrx_word' id='word_1_96' title='bbox 1011 3213 1163 3304; x_wconf 83' lang='lat' dir='ltr'>factum,</span> <span class='ocrx_word' id='word_1_97' title='bbox 1194 3216 1318 3306; x_wconf 89' lang='lat' dir='ltr'>quise</span> 
     </span>
     <span class='ocr_line' id='line_1_20' title="bbox 345 3332 1316 3424; baseline 0.001 -22"><span class='ocrx_word' id='word_1_98' title='bbox 345 3332 649 3422; x_wconf 76' lang='lat' dir='ltr'>AtheniensibuS‚</span> <span class='ocrx_word' id='word_1_99' title='bbox 673 3354 738 3424; x_wconf 94' lang='lat' dir='ltr'>pro</span> <span class='ocrx_word' id='word_1_100' title='bbox 763 3353 826 3403; x_wconf 88' lang='lat' dir='ltr'>sua</span> <span class='ocrx_word' id='word_1_101' title='bbox 848 3353 931 3424; x_wconf 80' lang='lat' dir='ltr'>erga</span> <span class='ocrx_word' id='word_1_102' title='bbox 959 3352 1018 3402; x_wconf 89' lang='lat' dir='ltr'>eos</span> <span class='ocrx_word' id='word_1_103' title='bbox 1044 3332 1316 3423; x_wconf 84' lang='lat' dir='ltr'>benevolentia,</span> 
     </span>
     <span class='ocr_line' id='line_1_21' title="bbox 346 3449 1319 3540; baseline 0.002 -23"><span class='ocrx_word' id='word_1_104' title='bbox 346 3449 392 3518; x_wconf 60' lang='lat' dir='ltr'>in*</span> <span class='ocrx_word' id='word_1_105' title='bbox 420 3469 539 3540; x_wconf 82' lang='lat' dir='ltr'>pugna</span> <span class='ocrx_word' id='word_1_106' title='bbox 582 3449 675 3540; x_wconf 85' lang='lat' dir='ltr'>apud</span> <span class='ocrx_word' id='word_1_107' title='bbox 713 3449 959 3521; x_wconf 85' lang='lat' dir='ltr'>Marathonem</span> <span class='ocrx_word' id='word_1_108' title='bbox 996 3454 1121 3540; x_wconf 75' lang='lat' dir='ltr'>praesto</span> <span class='ocrx_word' id='word_1_109' title='bbox 1161 3449 1319 3520; x_wconf 88' lang='lat' dir='ltr'>futurum</span> 
     </span>
     <span class='ocr_line' id='line_1_22' title="bbox 346 3565 1320 3658; baseline 0.002 -22"><span class='ocrx_word' id='word_1_110' title='bbox 346 3565 520 3658; x_wconf 82' lang='lat' dir='ltr'>pollicitus</span> <span class='ocrx_word' id='word_1_111' title='bbox 556 3567 673 3636; x_wconf 84' lang='lat' dir='ltr'>suerit.</span> <span class='ocrx_word' id='word_1_112' title='bbox 711 3566 764 3635; x_wconf 85' lang='lat' dir='ltr'>Ex</span> <span class='ocrx_word' id='word_1_113' title='bbox 806 3587 847 3636; x_wconf 89' lang='lat' dir='ltr'>eo</span> <span class='ocrx_word' id='word_1_114' title='bbox 888 3566 1018 3635; x_wconf 84' lang='lat' dir='ltr'>nuncio</span> <span class='ocrx_word' id='word_1_115' title='bbox 1056 3566 1130 3636; x_wconf 89' lang='lat' dir='ltr'>Deo</span> <span class='ocrx_word' id='word_1_116' title='bbox 1167 3567 1320 3638; x_wconf 89' lang='lat' dir='ltr'>honores</span> 
     </span>
     <span class='ocr_line' id='line_1_23' title="bbox 346 3682 1320 3773; baseline 0 -19"><span class='ocrx_word' id='word_1_117' title='bbox 346 3682 470 3754; x_wconf 87' lang='lat' dir='ltr'>haberi</span> <span class='ocrx_word' id='word_1_118' title='bbox 497 3682 604 3773; x_wconf 84' lang='lat' dir='ltr'>coepti</span> <span class='ocrx_word' id='word_1_119' title='bbox 632 3688 714 3753; x_wconf 89' lang='lat' dir='ltr'>sunt</span> <span class='ocrx_word' id='word_1_120' title='bbox 743 3704 750 3751; x_wconf 92' lang='lat'>:</span> <span class='ocrx_word' id='word_1_121' title='bbox 781 3682 886 3773; x_wconf 86' lang='lat' dir='ltr'>paulo</span> <span class='ocrx_word' id='word_1_122' title='bbox 911 3683 1004 3752; x_wconf 81' lang='lat' dir='ltr'>intro</span> <span class='ocrx_word' id='word_1_123' title='bbox 1026 3682 1222 3773; x_wconf 57' lang='lat' dir='ltr'>Propheta,</span> <span class='ocrx_word' id='word_1_124' title='bbox 1248 3704 1320 3754; x_wconf 89' lang='lat' dir='ltr'>non</span> 
     </span>
     <span class='ocr_line' id='line_1_24' title="bbox 347 3799 1321 3891; baseline 0 -20"><span class='ocrx_word' id='word_1_125' title='bbox 347 3803 465 3871; x_wconf 85' lang='lat' dir='ltr'>tamen</span> <span class='ocrx_word' id='word_1_126' title='bbox 494 3800 537 3870; x_wconf 90' lang='lat' dir='ltr'>ad</span> <span class='ocrx_word' id='word_1_127' title='bbox 567 3799 754 3870; x_wconf 87' lang='lat' dir='ltr'>inferiores</span> <span class='ocrx_word' id='word_1_128' title='bbox 782 3799 881 3870; x_wconf 89' lang='lat' dir='ltr'>urbis</span> <span class='ocrx_word' id='word_1_129' title='bbox 908 3803 1047 3890; x_wconf 82' lang='lat' dir='ltr'>partes,</span> <span class='ocrx_word' id='word_1_130' title='bbox 1076 3799 1207 3891; x_wconf 89' lang='lat' dir='ltr'>templo</span> <span class='ocrx_word' id='word_1_131' title='bbox 1231 3801 1321 3872; x_wconf 83' lang='lat' dir='ltr'>Pani</span> 
     </span>
    </p>

    <p class='ocr_par' dir='ltr' id='par_1_9' title="bbox 348 3915 1321 4008">
     <span class='ocr_line' id='line_1_25' title="bbox 348 3915 1321 4008; baseline 0 -19"><span class='ocrx_word' id='word_1_132' title='bbox 348 3921 495 4006; x_wconf 85' lang='lat' dir='ltr'>statuto,</span> <span class='ocrx_word' id='word_1_133' title='bbox 530 3916 768 3988; x_wconf 84' lang='lat' dir='ltr'>Athenienses</span> <span class='ocrx_word' id='word_1_134' title='bbox 800 3915 981 3988; x_wconf 82' lang='lat' dir='ltr'>sacrificiis</span> <span class='ocrx_word' id='word_1_135' title='bbox 1011 3921 1046 3987; x_wconf 88' lang='lat' dir='ltr'>et</span> <span class='ocrx_word' id='word_1_136' title='bbox 1073 3916 1257 4008; x_wconf 85' lang='lat' dir='ltr'>lampade,</span> <span class='ocrx_word' id='word_1_137' title='bbox 1282 3919 1321 3989; x_wconf 84' lang='lat' dir='ltr'>id</span> 
     </span>
    </p>
   </div>
   <div class='ocr_carea' id='block_1_7' title="bbox 347 4178 1317 4427">
    <p class='ocr_par' dir='ltr' id='par_1_10' title="bbox 347 4178 1317 4427">
     <span class='ocr_line' id='line_1_26' title="bbox 382 4178 849 4243; baseline 0.002 -14"><span class='ocrx_word' id='word_1_138' title='bbox 382 4180 414 4242; x_wconf 78' lang='lat' dir='ltr'>(tl</span> <span class='ocrx_word' id='word_1_139' title='bbox 434 4178 486 4230; x_wconf 83' lang='lat' dir='ltr'>vid.</span> <span class='ocrx_word' id='word_1_140' title='bbox 503 4193 528 4243; x_wconf 87' lang='lat' dir='ltr'>p.</span> <span class='ocrx_word' id='word_1_141' title='bbox 542 4183 590 4239; x_wconf 83' lang='lat'>22,</span> <span class='ocrx_word' id='word_1_142' title='bbox 605 4179 735 4229; x_wconf 80' lang='lat' dir='ltr'>Harmodii</span> <span class='ocrx_word' id='word_1_143' title='bbox 749 4180 849 4230; x_wconf 84' lang='lat' dir='ltr'>seolion.</span> 
     </span>
     <span class='ocr_line' id='line_1_27' title="bbox 382 4271 1317 4338; baseline 0.003 -17"><span class='ocrx_word' id='word_1_144' title='bbox 382 4271 418 4335; x_wconf 77' lang='lat'>(2)</span> <span class='ocrx_word' id='word_1_145' title='bbox 436 4272 535 4332; x_wconf 66' lang='lat' dir='ltr'>Athen„</span> <span class='ocrx_word' id='word_1_146' title='bbox 549 4273 599 4334; x_wconf 87' lang='lat' dir='ltr'>xv,</span> <span class='ocrx_word' id='word_1_147' title='bbox 614 4275 671 4327; x_wconf 79' lang='lat' dir='ltr'>out.</span> <span class='ocrx_word' id='word_1_148' title='bbox 684 4273 803 4326; x_wconf 85' lang='lat' dir='ltr'>1).-vid.</span> <span class='ocrx_word' id='word_1_149' title='bbox 820 4273 956 4338; x_wconf 79' lang='lat' dir='ltr'>Schweigh.</span> <span class='ocrx_word' id='word_1_150' title='bbox 972 4273 1089 4335; x_wconf 63' lang='lat' dir='ltr'>Animae</span> <span class='ocrx_word' id='word_1_151' title='bbox 1102 4274 1128 4326; x_wconf 83' lang='lat' dir='ltr'>in</span> <span class='ocrx_word' id='word_1_152' title='bbox 1141 4274 1209 4337; x_wconf 71' lang='lat' dir='ltr'>Ast„</span> <span class='ocrx_word' id='word_1_153' title='bbox 1221 4280 1239 4330; x_wconf 88' lang='lat' dir='ltr'>t.</span> <span class='ocrx_word' id='word_1_154' title='bbox 1253 4275 1317 4337; x_wconf 88' lang='lat' dir='ltr'>Vlll,</span> 
     </span>
     <span class='ocr_line' id='line_1_28' title="bbox 347 4368 539 4427; baseline 0 -11"><span class='ocrx_word' id='word_1_155' title='bbox 347 4377 372 4427; x_wconf 86' lang='lat' dir='ltr'>p.</span> <span class='ocrx_word' id='word_1_156' title='bbox 386 4368 434 4418; x_wconf 79' lang='lat'>257</span> <span class='ocrx_word' id='word_1_157' title='bbox 446 4371 471 4417; x_wconf 87' lang='lat' dir='ltr'>et</span> <span class='ocrx_word' id='word_1_158' title='bbox 485 4378 539 4426; x_wconf 84' lang='lat' dir='ltr'>sqq.</span> 
     </span>
    </p>
   </div>
   <div class='ocr_carea' id='block_1_8' title="bbox 0 0 1671 5482">
    <p class='ocr_par' dir='ltr' id='par_1_11' title="bbox 0 0 1671 5482">
     <span class='ocr_line' id='line_1_29' title="bbox 0 0 1671 5482; baseline 0 0"><span class='ocrx_word' id='word_1_159' title='bbox 0 0 1671 5482; x_wconf 95' lang='lat' dir='ltr'> </span> 
     </span>
    </p>
   </div>
  </div>
 </body>
</html>
