3324 5482
751 717 907 793 ..7-

341 886 477 966 factisque
491 888 556 948 dein
569 889 751 950 libationibus
766 891 908 950 cottabum
921 891 963 970 (t)
978 893 1103 952 afferam.

342 1021 378 1033 -
389 992 424 1049 A.
445 992 551 1050 Puellae
566 990 648 1049 tibias
659 993 720 1066 jam
736 993 860 1067 oportuit
872 993 909 1050 ad
922 1009 1039 1050 manum
1053 1010 1133 1065 esse,

342 1095 374 1147 ut
388 1107 436 1146 eas
450 1089 570 1149 inflaret.
584 1092 647 1148 Jam
659 1098 836 1164 unguentum
850 1092 989 1149 affundam

343 1187 520 1260 AEgyptium‚
539 1194 692 1262 posteaque
707 1189 830 1246 irinum:
847 1206 979 1247 coronam
995 1190 1097 1247 deinde
1112 1190 1263 1267 unicuique

344 1284 416 1341 dabo
431 1285 617 1346 convivarum.
634 1288 734 1345 Denuo
750 1290 813 1361 quis
825 1289 923 1345 uinum
936 1289 1058 1348 misceat.

343 1383 411 1440 -Β,
431 1383 493 1440 Jam
503 1384 622 1443 mixtum
632 1387 757 1445 est-A.
775 1388 853 1444 Thus
862 1388 925 1460 quis
934 1387 992 1458 igni
1000 1387 1205 1461 imponat-B.
1224 1388 1315 1462 Euge!

341 1488 403 1543 Jam
419 1486 515 1543 libatio
530 1485 602 1542 iacta
615 1491 674 1558 est,
692 1474 720 1544 et
734 1487 830 1544 bibere
843 1494 981 1560 pergunt,

343 1583 518 1658 Scolionque
529 1583 696 1641 cecinerunt
701 1603 711 1654 ;
720 1587 852 1643 'cottabus
866 1587 942 1643 foras
960 1591 1120 1660 exportatus
1135 1593 1192 1658 est,

343 1685 481 1759 tibiasque
498 1691 597 1742 tenens
613 1686 708 1758 puella
725 1686 855 1758 quendam
873 1685 1002 1742 Garicum
1015 1688 1105 1743 melos

343 1784 542 1841 modulabatur
555 1782 789 1856 apud'conviuas,
803 1784 943 1856 aliamque
955 1783 1012 1839 vidi
1026 1784 1169 1855 trigonum

343 1882 516 1952 habentem,
532 1883 568 1939 ad
584 1883 661 1955 quod
677 1883 779 1940 deinde
792 1885 882 1942 melos
896 1883 1038 1958 quoddam
1053 1884 1169 1942 canebat
1182 1881 1315 1943 ionicum.

387 2090 529 2161 Scolion
550 2089 623 2182 (2),
647 2095 686 2162 ut
705 2090 789 2162 inde
814 2092 1010 2181 cernimus,
1032 2112 1133 2163 coena
1157 2091 1318 2162 confecta

344 2208 553 2297 canebatur,
582 2227 623 2279 eo
649 2208 785 2279 scilicet
808 2214 1070 2300 temporeque,
1090 2208 1316 2278 animisvino

344 2329 378 2395 et
393 2346 558 2395 sermone
574 2325 782 2416 calentibuS,
803 2327 959 2398 convivae
976 2346 1123 2397 coronas
1143 2324 1315 2416 capitibus

344 2447 529 2532 gerentes,
557 2444 601 2514 ad
628 2442 755 2534 lyricos
771 2442 924 2534 impetus
945 2444 1179 2534 promptiores
1200 2446 1311 2513 erant.

783 2752 800 2845 p
825 2751 871 2823 u.

342 3031 408 3093 QUA
425 3033 468 3080 DE
483 3030 589 3081 CAUSA
604 3030 811 3081 couvlvncus
831 3029 1026 3080 cnurthunm
1041 3030 1153 3081 scohln
1169 3030 1316 3081 runmrtr

720 3126 936 3188 aramenus?

387 3399 485 3470 Unde
501 3397 588 3470 illud
603 3418 735 3469 nornen
747 3398 861 3469 Scolic'
877 3398 959 3490 (hoc
976 3401 1029 3469 est
1039 3397 1139 3487 ttoni,
1158 3397 1310 3488 obliqui,

342 3514 513 3607 tortuosi)
532 3511 750 3586 carminibus
769 3515 921 3586 inditum
943 3519 1017 3603 est,
1040 3535 1134 3605 quae,
1158 3513 1224 3584 suh
1239 3514 1312 3584 fine

341 3652 536 3721 coenarum,
553 3633 646 3724 apud
661 3631 800 3702 Grecos
827 3631 1067 3702 canebanturt
1081 3630 1309 3701 Grammatici

341 3753 497 3837 certant,
522 3753 644 3839 utpote
672 3749 731 3840 qui
753 3748 846 3819 inter
884 3769 922 3819 se
954 3747 1131 3818 nonsatis
1155 3767 1310 3818 consen·

830 3902 839 3935 i

374 4032 410 4098 (t)
428 4037 463 4087 De
476 4031 574 4082 cottabo
584 4031 640 4083 vide
653 4029 725 4081 intra.

374 4128 408 4192 (2)
429 4130 482 4180 Hoc
498 4129 601 4180 verbum
612 4129 679 4193 apud
692 4128 788 4180 Graccus
798 4127 865 4180 varie
878 4127 996 4193 scriptum
1013 4128 1149 4194 reperimus
1162 4139 1171 4180 t
1186 4117 1309 4202 σκολιόν,

340 4225 463 4307 nacitor,
483 4241 527 4285 aut
543 4225 675 4306 outbtcug
691 4227 802 4288 σκολιόν
820 4235 982 4298 frequentius.
997 4236 1043 4289 vid
1062 4250 1069 4288 ι
1087 4237 1309 4302 Schweighaeuser.

341 4334 469 4387 animadv.
482 4336 509 4385 in
521 4337 576 4387 Ath.
591 4335 754 4400 Deipnosoph.
767 4339 796 4386 Τ.
809 4337 880 4397 VIII,
897 4351 921 4400 p.
936 4339 992 4390 tut.
