<?xml version="1.0" encoding="UTF-8"?>
<!DOCTYPE html PUBLIC "-//W3C//DTD XHTML 1.0 Transitional//EN"
    "http://www.w3.org/TR/xhtml1/DTD/xhtml1-transitional.dtd">
<html xmlns="http://www.w3.org/1999/xhtml" xml:lang="en" lang="en">
 <head>
  <title>
</title>
<meta http-equiv="Content-Type" content="text/html;charset=utf-8" />
  <meta name='ocr-system' content='tesseract 3.04.00' />
  <meta name='ocr-capabilities' content='ocr_page ocr_carea ocr_par ocr_line ocrx_word'/>
</head>
<body>
  <div class='ocr_page' id='page_1' title='image "./descoliissivede00gastgoog_0026.png"; bbox 0 0 3324 5482; ppageno 0'>
   <div class='ocr_carea' id='block_1_1' title="bbox 618 711 798 780">
    <p class='ocr_par' dir='ltr' id='par_1_1' title="bbox 618 711 798 780">
     <span class='ocr_line' id='line_1_1' title="bbox 618 711 798 780; baseline -0.011 -14"><span class='ocrx_word' id='word_1_1' title='bbox 618 711 798 780; x_wconf 72' lang='grc'>...15-</span> 
     </span>
    </p>
   </div>
   <div class='ocr_carea' id='block_1_2' title="bbox 216 863 1190 1295">
    <p class='ocr_par' dir='ltr' id='par_1_2' title="bbox 216 863 1190 1295">
     <span class='ocr_line' id='line_1_2' title="bbox 336 863 1014 966; baseline 0.006 -26"><span class='ocrx_word' id='word_1_2' title='bbox 336 863 570 964; x_wconf 51' lang='grc' dir='ltr'>Ὦθρσισὺὂουλζ</span> <span class='ocrx_word' id='word_1_3' title='bbox 586 882 686 966; x_wconf 78' lang='grc' dir='ltr'>ἐρατᾶν</span> <span class='ocrx_word' id='word_1_4' title='bbox 700 880 786 963; x_wconf 63' lang='grc' dir='ltr'>ὄχημ’</span> <span class='ocrx_word' id='word_1_5' title='bbox 804 880 898 950; x_wconf 73' lang='grc' dir='ltr'>ἀοιδᾶν</span> <span class='ocrx_word' id='word_1_6' title='bbox 1011 893 1014 898; x_wconf 89' lang='grc'><strong>’</strong></span> 
     </span>
     <span class='ocr_line' id='line_1_3' title="bbox 217 984 1190 1075; baseline 0.004 -24"><span class='ocrx_word' id='word_1_7' title='bbox 217 989 296 1052; x_wconf 79' lang='grc' dir='ltr'>τοῦτό</span> <span class='ocrx_word' id='word_1_8' title='bbox 310 1008 352 1052; x_wconf 85' lang='grc' dir='ltr'>τοι</span> <span class='ocrx_word' id='word_1_9' title='bbox 371 989 474 1069; x_wconf 80' lang='grc' dir='ltr'>πέμπω</span> <span class='ocrx_word' id='word_1_10' title='bbox 490 989 669 1075; x_wconf 77' lang='grc' dir='ltr'>μεταδόρπιον</span> <span class='ocrx_word' id='word_1_11' title='bbox 694 1012 700 1026; x_wconf 94' lang='grc'>·</span> <span class='ocrx_word' id='word_1_12' title='bbox 726 990 755 1052; x_wconf 82' lang='grc' dir='ltr'>ἐν</span> <span class='ocrx_word' id='word_1_13' title='bbox 778 984 851 1070; x_wconf 75' lang='grc' dir='ltr'>ξυνῷ</span> <span class='ocrx_word' id='word_1_14' title='bbox 876 1011 923 1053; x_wconf 84' lang='grc' dir='ltr'>κεν</span> <span class='ocrx_word' id='word_1_15' title='bbox 947 989 990 1065; x_wconf 85' lang='grc' dir='ltr'>εἴη</span> <span class='ocrx_word' id='word_1_16' title='bbox 1016 992 1190 1072; x_wconf 81' lang='grc' dir='ltr'>συμπόταισίν</span> 
     </span>
     <span class='ocr_line' id='line_1_4' title="bbox 758 1100 1149 1184; baseline 0.01 -25"><span class='ocrx_word' id='word_1_17' title='bbox 758 1176 760 1181; x_wconf 89' lang='lat'>.</span> <span class='ocrx_word' id='word_1_18' title='bbox 954 1101 1000 1180; x_wconf 83' lang='grc' dir='ltr'>[τε</span> <span class='ocrx_word' id='word_1_19' title='bbox 1013 1100 1149 1184; x_wconf 76' lang='grc' dir='ltr'>γλυκερὸν</span> 
     </span>
     <span class='ocr_line' id='line_1_5' title="bbox 216 1205 1186 1295; baseline 0.006 -27"><span class='ocrx_word' id='word_1_20' title='bbox 216 1205 264 1269; x_wconf 78' lang='grc' dir='ltr'>καὶ</span> <span class='ocrx_word' id='word_1_21' title='bbox 280 1207 417 1270; x_wconf 77' lang='grc' dir='ltr'>Διονύσοιο</span> <span class='ocrx_word' id='word_1_22' title='bbox 434 1213 534 1292; x_wconf 80' lang='grc' dir='ltr'>καρπῷ</span> <span class='ocrx_word' id='word_1_23' title='bbox 555 1206 602 1270; x_wconf 80' lang='grc' dir='ltr'>καὶ</span> <span class='ocrx_word' id='word_1_24' title='bbox 625 1207 780 1270; x_wconf 74' lang='grc' dir='ltr'>κυλίκεσσιν</span> <span class='ocrx_word' id='word_1_25' title='bbox 807 1205 975 1271; x_wconf 82' lang='grc' dir='ltr'>Ἀθαναίοιισι</span> <span class='ocrx_word' id='word_1_26' title='bbox 995 1209 1108 1292; x_wconf 87' lang='grc' dir='ltr'>κέντρον</span> <span class='ocrx_word' id='word_1_27' title='bbox 1132 1209 1186 1295; x_wconf 79' lang='grc'>(1).</span> 
     </span>
    </p>
   </div>
   <div class='ocr_carea' id='block_1_3' title="bbox 215 1404 1190 1760">
    <p class='ocr_par' dir='ltr' id='par_1_3' title="bbox 215 1404 1190 1760">
     <span class='ocr_line' id='line_1_6' title="bbox 288 1404 1028 1480; baseline 0.003 -19"><span class='ocrx_word' id='word_1_28' title='bbox 288 1404 312 1461; x_wconf 92' lang='lat'>0</span> <span class='ocrx_word' id='word_1_29' title='bbox 325 1405 507 1480; x_wconf 80' lang='lat' dir='ltr'>Thrasybulo,</span> <span class='ocrx_word' id='word_1_30' title='bbox 524 1407 678 1463; x_wconf 85' lang='lat' dir='ltr'>amantium</span> <span class='ocrx_word' id='word_1_31' title='bbox 692 1405 852 1462; x_wconf 89' lang='lat' dir='ltr'>vehiculum</span> <span class='ocrx_word' id='word_1_32' title='bbox 868 1405 1028 1463; x_wconf 85' lang='lat' dir='ltr'>cantionum</span> 
     </span>
     <span class='ocr_line' id='line_1_7' title="bbox 215 1501 1190 1576; baseline 0.006 -19"><span class='ocrx_word' id='word_1_33' title='bbox 215 1501 269 1559; x_wconf 92' lang='lat' dir='ltr'>hoc</span> <span class='ocrx_word' id='word_1_34' title='bbox 283 1502 333 1560; x_wconf 90' lang='lat' dir='ltr'>tibi</span> <span class='ocrx_word' id='word_1_35' title='bbox 354 1504 434 1562; x_wconf 84' lang='lat' dir='ltr'>mitto</span> <span class='ocrx_word' id='word_1_36' title='bbox 450 1505 581 1562; x_wconf 80' lang='lat' dir='ltr'>secundis</span> <span class='ocrx_word' id='word_1_37' title='bbox 601 1505 706 1562; x_wconf 79' lang='lat' dir='ltr'>mensis</span> <span class='ocrx_word' id='word_1_38' title='bbox 723 1522 730 1561; x_wconf 85' lang='grc' dir='ltr'>ι</span> <span class='ocrx_word' id='word_1_39' title='bbox 745 1505 919 1576; x_wconf 80' lang='lat' dir='ltr'>congregatis</span> <span class='ocrx_word' id='word_1_40' title='bbox 939 1505 1048 1561; x_wconf 89' lang='lat' dir='ltr'>utinam</span> <span class='ocrx_word' id='word_1_41' title='bbox 1070 1506 1190 1563; x_wconf 88' lang='lat' dir='ltr'>convivis</span> 
     </span>
     <span class='ocr_line' id='line_1_8' title="bbox 851 1584 1154 1679; baseline 0.017 -21"><span class='ocrx_word' id='word_1_42' title='bbox 851 1584 856 1597; x_wconf 71' lang='grc'><em>’</em></span> <span class='ocrx_word' id='word_1_43' title='bbox 997 1604 1105 1679; x_wconf 86' lang='lat' dir='ltr'>[dulcis</span> <span class='ocrx_word' id='word_1_44' title='bbox 1119 1608 1154 1663; x_wconf 90' lang='lat' dir='ltr'>sit</span> 
     </span>
     <span class='ocr_line' id='line_1_9' title="bbox 216 1701 1073 1760; baseline 0.001 -2"><span class='ocrx_word' id='word_1_45' title='bbox 216 1707 243 1759; x_wconf 88' lang='lat' dir='ltr'>et</span> <span class='ocrx_word' id='word_1_46' title='bbox 262 1702 362 1760; x_wconf 89' lang='lat' dir='ltr'>Bacchi</span> <span class='ocrx_word' id='word_1_47' title='bbox 380 1702 484 1760; x_wconf 83' lang='lat' dir='ltr'>fructui</span> <span class='ocrx_word' id='word_1_48' title='bbox 496 1709 523 1760; x_wconf 82' lang='lat' dir='ltr'>et</span> <span class='ocrx_word' id='word_1_49' title='bbox 544 1701 675 1760; x_wconf 79' lang='lat' dir='ltr'>calicibus</span> <span class='ocrx_word' id='word_1_50' title='bbox 696 1701 913 1759; x_wconf 81' lang='lat' dir='ltr'>Atheniensibus</span> <span class='ocrx_word' id='word_1_51' title='bbox 933 1702 1073 1759; x_wconf 88' lang='lat' dir='ltr'>stimulus.</span> 
     </span>
    </p>
   </div>
   <div class='ocr_carea' id='block_1_4' title="bbox 213 1927 1278 3208">
    <p class='ocr_par' dir='ltr' id='par_1_4' title="bbox 213 1927 1278 3208">
     <span class='ocr_line' id='line_1_10' title="bbox 259 1927 1278 2038; baseline 0.002 -21"><span class='ocrx_word' id='word_1_52' title='bbox 259 1946 351 2038; x_wconf 87' lang='lat' dir='ltr'>Sed,</span> <span class='ocrx_word' id='word_1_53' title='bbox 379 1953 418 2018; x_wconf 90' lang='lat' dir='ltr'>ut</span> <span class='ocrx_word' id='word_1_54' title='bbox 450 1948 495 2020; x_wconf 89' lang='lat' dir='ltr'>ad</span> <span class='ocrx_word' id='word_1_55' title='bbox 528 1946 747 2037; x_wconf 78' lang='lat' dir='ltr'>propositum</span> <span class='ocrx_word' id='word_1_56' title='bbox 776 1927 984 2035; x_wconf 45' lang='lat' dir='ltr'>redeamus</span> <span class='ocrx_word' id='word_1_57' title='bbox 1016 1950 1189 2037; x_wconf 85' lang='lat' dir='ltr'>quaerenti</span> <span class='ocrx_word' id='word_1_58' title='bbox 1274 2021 1278 2027; x_wconf 63' lang='grc'>,</span> 
     </span>
     <span class='ocr_line' id='line_1_11' title="bbox 215 2063 1186 2157; baseline 0 -20"><span class='ocrx_word' id='word_1_59' title='bbox 215 2085 278 2137; x_wconf 88' lang='lat' dir='ltr'>cur</span> <span class='ocrx_word' id='word_1_60' title='bbox 296 2064 489 2137; x_wconf 88' lang='lat' dir='ltr'>convivalia</span> <span class='ocrx_word' id='word_1_61' title='bbox 513 2065 669 2136; x_wconf 80' lang='lat' dir='ltr'>carmina</span> <span class='ocrx_word' id='word_1_62' title='bbox 693 2063 818 2134; x_wconf 84' lang='lat' dir='ltr'>Scollo</span> <span class='ocrx_word' id='word_1_63' title='bbox 843 2064 1015 2155; x_wconf 87' lang='lat' dir='ltr'>appellata</span> <span class='ocrx_word' id='word_1_64' title='bbox 1038 2066 1186 2157; x_wconf 79' lang='lat' dir='ltr'>suerint,</span> 
     </span>
     <span class='ocr_line' id='line_1_12' title="bbox 214 2179 1186 2269; baseline -0.001 -17"><span class='ocrx_word' id='word_1_65' title='bbox 214 2203 285 2253; x_wconf 94' lang='lat' dir='ltr'>non</span> <span class='ocrx_word' id='word_1_66' title='bbox 312 2182 504 2253; x_wconf 86' lang='lat' dir='ltr'>absurdum</span> <span class='ocrx_word' id='word_1_67' title='bbox 526 2181 640 2252; x_wconf 84' lang='lat' dir='ltr'>videri</span> <span class='ocrx_word' id='word_1_68' title='bbox 665 2180 770 2251; x_wconf 87' lang='lat' dir='ltr'>debet</span> <span class='ocrx_word' id='word_1_69' title='bbox 793 2200 925 2249; x_wconf 90' lang='lat' dir='ltr'>nomen</span> <span class='ocrx_word' id='word_1_70' title='bbox 953 2179 1040 2251; x_wconf 90' lang='lat' dir='ltr'>illud</span> <span class='ocrx_word' id='word_1_71' title='bbox 1062 2184 1186 2269; x_wconf 82' lang='lat' dir='ltr'>scollc‘,</span> 
     </span>
     <span class='ocr_line' id='line_1_13' title="bbox 215 2297 1188 2390; baseline 0.001 -22"><span class='ocrx_word' id='word_1_72' title='bbox 215 2299 297 2390; x_wconf 91' lang='lat' dir='ltr'>(hoc</span> <span class='ocrx_word' id='word_1_73' title='bbox 321 2303 374 2369; x_wconf 86' lang='lat' dir='ltr'>est</span> <span class='ocrx_word' id='word_1_74' title='bbox 402 2299 558 2389; x_wconf 78' lang='lat' dir='ltr'>obliqui,</span> <span class='ocrx_word' id='word_1_75' title='bbox 590 2298 761 2387; x_wconf 79' lang='lat' dir='ltr'>tortuosi)</span> <span class='ocrx_word' id='word_1_76' title='bbox 791 2297 835 2366; x_wconf 89' lang='lat' dir='ltr'>iis</span> <span class='ocrx_word' id='word_1_77' title='bbox 859 2297 979 2369; x_wconf 89' lang='lat' dir='ltr'>datum</span> <span class='ocrx_word' id='word_1_78' title='bbox 1002 2298 1110 2368; x_wconf 78' lang='lat' dir='ltr'>fuisse</span> <span class='ocrx_word' id='word_1_79' title='bbox 1144 2299 1188 2369; x_wconf 94' lang='lat' dir='ltr'>ob</span> 
     </span>
     <span class='ocr_line' id='line_1_14' title="bbox 214 2404 1190 2505; baseline -0.002 -19"><span class='ocrx_word' id='word_1_80' title='bbox 214 2414 411 2487; x_wconf 83' lang='lat' dir='ltr'>flexuosum</span> <span class='ocrx_word' id='word_1_81' title='bbox 435 2416 578 2486; x_wconf 84' lang='lat' dir='ltr'>citharae</span> <span class='ocrx_word' id='word_1_82' title='bbox 602 2419 637 2485; x_wconf 84' lang='lat' dir='ltr'>et</span> <span class='ocrx_word' id='word_1_83' title='bbox 663 2414 754 2485; x_wconf 78' lang='lat' dir='ltr'>rami</span> <span class='ocrx_word' id='word_1_84' title='bbox 781 2433 945 2502; x_wconf 85' lang='lat' dir='ltr'>cursum,</span> <span class='ocrx_word' id='word_1_85' title='bbox 972 2404 1190 2505; x_wconf 71' lang='lat' dir='ltr'>quum&#39;nulli</span> 
     </span>
     <span class='ocr_line' id='line_1_15' title="bbox 215 2530 1189 2622; baseline 0.001 -22"><span class='ocrx_word' id='word_1_86' title='bbox 215 2531 458 2622; x_wconf 87' lang='lat' dir='ltr'>convivarum,</span> <span class='ocrx_word' id='word_1_87' title='bbox 486 2532 556 2601; x_wconf 88' lang='lat' dir='ltr'>nisi</span> <span class='ocrx_word' id='word_1_88' title='bbox 577 2530 814 2621; x_wconf 84' lang='lat' dir='ltr'>peritissimo,</span> <span class='ocrx_word' id='word_1_89' title='bbox 836 2550 964 2602; x_wconf 88' lang='lat' dir='ltr'>canere</span> <span class='ocrx_word' id='word_1_90' title='bbox 991 2530 1126 2602; x_wconf 86' lang='lat' dir='ltr'>liceret.</span> <span class='ocrx_word' id='word_1_91' title='bbox 1144 2570 1189 2584; x_wconf 95' lang='lat'>-</span> 
     </span>
     <span class='ocr_line' id='line_1_16' title="bbox 213 2645 1188 2738; baseline 0.003 -22"><span class='ocrx_word' id='word_1_92' title='bbox 213 2646 287 2738; x_wconf 82' lang='lat' dir='ltr'>Ego</span> <span class='ocrx_word' id='word_1_93' title='bbox 315 2653 433 2719; x_wconf 89' lang='lat' dir='ltr'>tamen</span> <span class='ocrx_word' id='word_1_94' title='bbox 462 2648 564 2718; x_wconf 85' lang='lat' dir='ltr'>Oitfr.</span> <span class='ocrx_word' id='word_1_95' title='bbox 587 2646 727 2717; x_wconf 80' lang='lat' dir='ltr'>Miilleri</span> <span class='ocrx_word' id='word_1_96' title='bbox 755 2645 802 2738; x_wconf 77' lang='lat'>(2)</span> <span class='ocrx_word' id='word_1_97' title='bbox 832 2646 991 2737; x_wconf 90' lang='lat' dir='ltr'>opinioni</span> <span class='ocrx_word' id='word_1_98' title='bbox 1019 2648 1188 2720; x_wconf 83' lang='lat' dir='ltr'>accedere</span> 
     </span>
     <span class='ocr_line' id='line_1_17' title="bbox 213 2761 1188 2855; baseline 0.003 -22"><span class='ocrx_word' id='word_1_99' title='bbox 213 2763 353 2852; x_wconf 87' lang='lat' dir='ltr'>malim,</span> <span class='ocrx_word' id='word_1_100' title='bbox 375 2785 484 2855; x_wconf 89' lang='lat' dir='ltr'>quum</span> <span class='ocrx_word' id='word_1_101' title='bbox 513 2763 636 2834; x_wconf 82' lang='lat' dir='ltr'>scribit</span> <span class='ocrx_word' id='word_1_102' title='bbox 669 2762 712 2833; x_wconf 89' lang='lat' dir='ltr'>ob</span> <span class='ocrx_word' id='word_1_103' title='bbox 739 2761 988 2834; x_wconf 80' lang='lat' dir='ltr'>modulationis</span> <span class='ocrx_word' id='word_1_104' title='bbox 1008 2762 1188 2838; x_wconf 83' lang='lat' dir='ltr'>licentiam</span> 
     </span>
     <span class='ocr_line' id='line_1_18' title="bbox 214 2880 1189 2973; baseline 0.006 -23"><span class='ocrx_word' id='word_1_105' title='bbox 214 2886 249 2950; x_wconf 85' lang='lat' dir='ltr'>et</span> <span class='ocrx_word' id='word_1_106' title='bbox 285 2881 569 2972; x_wconf 87' lang='lat' dir='ltr'>depravationem</span> <span class='ocrx_word' id='word_1_107' title='bbox 594 2880 674 2973; x_wconf 83' lang='lat'>(3),</span> <span class='ocrx_word' id='word_1_108' title='bbox 714 2902 783 2972; x_wconf 89' lang='lat' dir='ltr'>quo</span> <span class='ocrx_word' id='word_1_109' title='bbox 823 2881 960 2953; x_wconf 80' lang='lat' dir='ltr'>facilius</span> <span class='ocrx_word' id='word_1_110' title='bbox 997 2882 1112 2956; x_wconf 89' lang='lat' dir='ltr'>Scolia</span> <span class='ocrx_word' id='word_1_111' title='bbox 1146 2907 1189 2956; x_wconf 85' lang='lat' dir='ltr'>ex</span> 
     </span>
     <span class='ocr_line' id='line_1_19' title="bbox 214 2998 1187 3090; baseline 0.004 -22"><span class='ocrx_word' id='word_1_112' title='bbox 214 3003 371 3090; x_wconf 86' lang='lat' dir='ltr'>tempore</span> <span class='ocrx_word' id='word_1_113' title='bbox 393 3004 625 3087; x_wconf 84' lang='lat' dir='ltr'>canerentur,</span> <span class='ocrx_word' id='word_1_114' title='bbox 656 2998 733 3070; x_wconf 85' lang='lat' dir='ltr'>haec</span> <span class='ocrx_word' id='word_1_115' title='bbox 762 2999 919 3071; x_wconf 86' lang='lat' dir='ltr'>carmina</span> <span class='ocrx_word' id='word_1_116' title='bbox 944 2999 1011 3072; x_wconf 92' lang='lat' dir='ltr'>isto</span> <span class='ocrx_word' id='word_1_117' title='bbox 1042 3003 1187 3074; x_wconf 87' lang='lat' dir='ltr'>nomine</span> 
     </span>
     <span class='ocr_line' id='line_1_20' title="bbox 216 3115 526 3208; baseline 0 -22"><span class='ocrx_word' id='word_1_118' title='bbox 216 3115 388 3208; x_wconf 86' lang='lat' dir='ltr'>appellata</span> <span class='ocrx_word' id='word_1_119' title='bbox 404 3116 526 3187; x_wconf 83' lang='lat' dir='ltr'>fuisse.</span> 
     </span>
    </p>
   </div>
   <div class='ocr_carea' id='block_1_5' title="bbox 214 3406 1184 3657">
    <p class='ocr_par' dir='ltr' id='par_1_5' title="bbox 214 3406 1184 3657">
     <span class='ocr_line' id='line_1_21' title="bbox 248 3406 620 3471; baseline -0.011 -13"><span class='ocrx_word' id='word_1_120' title='bbox 248 3406 284 3471; x_wconf 87' lang='grc'>(1)</span> <span class='ocrx_word' id='word_1_121' title='bbox 301 3408 388 3459; x_wconf 75' lang='lat' dir='ltr'>Athen.</span> <span class='ocrx_word' id='word_1_122' title='bbox 404 3407 446 3459; x_wconf 85' lang='grc' dir='ltr'>ΧΙ.</span> <span class='ocrx_word' id='word_1_123' title='bbox 463 3407 519 3460; x_wconf 84' lang='grc'>180.</span> <span class='ocrx_word' id='word_1_124' title='bbox 534 3406 563 3455; x_wconf 86' lang='lat' dir='ltr'>c.</span> <span class='ocrx_word' id='word_1_125' title='bbox 614 3434 620 3445; x_wconf 86' lang='lat'><strong>·</strong></span> 
     </span>
     <span class='ocr_line' id='line_1_22' title="bbox 248 3496 1184 3563; baseline 0.009 -15"><span class='ocrx_word' id='word_1_126' title='bbox 248 3499 283 3563; x_wconf 71' lang='lat' dir='ltr'>(a)</span> <span class='ocrx_word' id='word_1_127' title='bbox 300 3499 373 3552; x_wconf 79' lang='lat' dir='ltr'>Ottsr.</span> <span class='ocrx_word' id='word_1_128' title='bbox 383 3499 480 3563; x_wconf 80' lang='lat' dir='ltr'>Miller,</span> <span class='ocrx_word' id='word_1_129' title='bbox 491 3497 590 3549; x_wconf 81' lang='grc' dir='ltr'>Η1σ1.(1ο</span> <span class='ocrx_word' id='word_1_130' title='bbox 602 3496 625 3548; x_wconf 86' lang='lat' dir='ltr'>la</span> <span class='ocrx_word' id='word_1_131' title='bbox 633 3496 744 3549; x_wconf 75' lang='lat' dir='ltr'>Littera.</span> <span class='ocrx_word' id='word_1_132' title='bbox 756 3498 923 3561; x_wconf 81' lang='lat' dir='ltr'>grecq.,trad.</span> <span class='ocrx_word' id='word_1_133' title='bbox 935 3513 980 3562; x_wconf 85' lang='lat' dir='ltr'>par</span> <span class='ocrx_word' id='word_1_134' title='bbox 991 3500 1021 3553; x_wconf 85' lang='lat' dir='ltr'>K.</span> <span class='ocrx_word' id='word_1_135' title='bbox 1034 3500 1184 3555; x_wconf 83' lang='lat' dir='ltr'>Hiilebrand.</span> 
     </span>
     <span class='ocr_line' id='line_1_23' title="bbox 214 3591 735 3657; baseline -0.002 -13"><span class='ocrx_word' id='word_1_136' title='bbox 214 3591 354 3644; x_wconf 58' lang='grc'>-116111,</span> <span class='ocrx_word' id='word_1_137' title='bbox 368 3594 441 3645; x_wconf 79' lang='grc'>1866.</span> <span class='ocrx_word' id='word_1_138' title='bbox 452 3595 567 3655; x_wconf 53' lang='grc' dir='ltr'>-,Τοικ.</span> <span class='ocrx_word' id='word_1_139' title='bbox 581 3592 619 3654; x_wconf 88' lang='grc'>11,</span> <span class='ocrx_word' id='word_1_140' title='bbox 635 3606 660 3657; x_wconf 85' lang='lat' dir='ltr'>p.</span> <span class='ocrx_word' id='word_1_141' title='bbox 677 3595 735 3643; x_wconf 75' lang='grc'>132.</span> 
     </span>
    </p>
   </div>
   <div class='ocr_carea' id='block_1_6' title="bbox 212 3689 1187 4109">
    <p class='ocr_par' dir='ltr' id='par_1_6' title="bbox 212 3689 1187 4109">
     <span class='ocr_line' id='line_1_24' title="bbox 248 3689 1187 3763; baseline 0.005 -17"><span class='ocrx_word' id='word_1_142' title='bbox 248 3696 284 3761; x_wconf 73' lang='lat' dir='ltr'>(a)</span> <span class='ocrx_word' id='word_1_143' title='bbox 303 3695 342 3748; x_wconf 81' lang='lat' dir='ltr'>Gt.</span> <span class='ocrx_word' id='word_1_144' title='bbox 355 3696 467 3750; x_wconf 78' lang='lat' dir='ltr'>Eustatb.</span> <span class='ocrx_word' id='word_1_145' title='bbox 483 3697 581 3763; x_wconf 81' lang='lat' dir='ltr'>(odyss.</span> <span class='ocrx_word' id='word_1_146' title='bbox 594 3698 651 3758; x_wconf 82' lang='lat' dir='ltr'>VII,</span> <span class='ocrx_word' id='word_1_147' title='bbox 671 3711 697 3762; x_wconf 90' lang='lat' dir='ltr'>p.</span> <span class='ocrx_word' id='word_1_148' title='bbox 711 3699 784 3752; x_wconf 85' lang='grc'>1571.</span> <span class='ocrx_word' id='word_1_149' title='bbox 804 3695 870 3750; x_wconf 80' lang='lat' dir='ltr'>Edit.</span> <span class='ocrx_word' id='word_1_150' title='bbox 884 3696 974 3761; x_wconf 82' lang='lat' dir='ltr'>Rom.)</span> <span class='ocrx_word' id='word_1_151' title='bbox 998 3712 1010 3742; x_wconf 82' lang='grc' dir='ltr'>ι</span> <span class='ocrx_word' id='word_1_152' title='bbox 1034 3689 1143 3752; x_wconf 82' lang='grc' dir='ltr'>Σκολιὰ</span> <span class='ocrx_word' id='word_1_153' title='bbox 1156 3691 1187 3751; x_wconf 78' lang='grc' dir='ltr'>δὲ</span> 
     </span>
     <span class='ocr_line' id='line_1_25' title="bbox 212 3798 1187 3884; baseline 0 -24"><span class='ocrx_word' id='word_1_154' title='bbox 212 3798 364 3880; x_wconf 80' lang='grc' dir='ltr'>λέγεται...</span> <span class='ocrx_word' id='word_1_155' title='bbox 391 3800 443 3882; x_wconf 81' lang='grc' dir='ltr'>οὐχ</span> <span class='ocrx_word' id='word_1_156' title='bbox 463 3798 689 3864; x_wconf 60' lang='lat' dir='ltr'>dalmaticato</span> <span class='ocrx_word' id='word_1_157' title='bbox 709 3801 789 3884; x_wconf 73' lang='grc' dir='ltr'>λόγῳ</span> <span class='ocrx_word' id='word_1_158' title='bbox 808 3802 911 3881; x_wconf 77' lang='grc' dir='ltr'>ψόγου,</span> <span class='ocrx_word' id='word_1_159' title='bbox 932 3798 1011 3860; x_wconf 81' lang='grc' dir='ltr'>ἀλλὰ</span> <span class='ocrx_word' id='word_1_160' title='bbox 1031 3801 1105 3860; x_wconf 84' lang='grc' dir='ltr'>κατά</span> <span class='ocrx_word' id='word_1_161' title='bbox 1127 3819 1187 3861; x_wconf 88' lang='grc' dir='ltr'>τινοι</span> 
     </span>
     <span class='ocr_line' id='line_1_26' title="bbox 215 3901 1187 3991; baseline 0 -22"><span class='ocrx_word' id='word_1_162' title='bbox 215 3906 367 3985; x_wconf 72' lang='grc' dir='ltr'>μέλοποΐοις</span> <span class='ocrx_word' id='word_1_163' title='bbox 393 3911 500 3988; x_wconf 78' lang='grc' dir='ltr'>νόμον·</span> <span class='ocrx_word' id='word_1_164' title='bbox 525 3910 574 3990; x_wconf 74' lang='grc' dir='ltr'>ὅς,</span> <span class='ocrx_word' id='word_1_165' title='bbox 601 3901 648 3970; x_wconf 77' lang='grc' dir='ltr'>οἷα</span> <span class='ocrx_word' id='word_1_166' title='bbox 676 3907 769 3985; x_wconf 85' lang='grc' dir='ltr'>εἴκος,</span> <span class='ocrx_word' id='word_1_167' title='bbox 796 3907 827 3970; x_wconf 82' lang='grc' dir='ltr'>οὐ</span> <span class='ocrx_word' id='word_1_168' title='bbox 854 3907 923 3991; x_wconf 76' lang='grc' dir='ltr'>προς</span> <span class='ocrx_word' id='word_1_169' title='bbox 955 3905 1017 3970; x_wconf 78' lang='grc' dir='ltr'>εὐθὺ</span> <span class='ocrx_word' id='word_1_170' title='bbox 1047 3906 1187 3986; x_wconf 80' lang='grc' dir='ltr'>ἐμέλπετο</span> 
     </span>
     <span class='ocr_line' id='line_1_27' title="bbox 215 4013 912 4109; baseline 0.001 -33"><span class='ocrx_word' id='word_1_171' title='bbox 215 4013 442 4104; x_wconf 77' lang='grc' dir='ltr'>ἀπλοϊκώτερον,</span> <span class='ocrx_word' id='word_1_172' title='bbox 463 4015 544 4080; x_wconf 80' lang='grc' dir='ltr'>ἀλλὰ</span> <span class='ocrx_word' id='word_1_173' title='bbox 557 4018 695 4095; x_wconf 63' lang='lat' dir='ltr'>aetaliae</span> <span class='ocrx_word' id='word_1_174' title='bbox 710 4017 881 4109; x_wconf 78' lang='grc' dir='ltr'>έσκολιοῦτο.</span> <span class='ocrx_word' id='word_1_175' title='bbox 899 4041 912 4077; x_wconf 77' lang='lat' dir='ltr'>s</span> 
     </span>
    </p>
   </div>
   <div class='ocr_carea' id='block_1_7' title="bbox 0 0 1666 5482">
    <p class='ocr_par' dir='ltr' id='par_1_7' title="bbox 0 0 1666 5482">
     <span class='ocr_line' id='line_1_28' title="bbox 0 0 1666 5482; baseline 0 0"><span class='ocrx_word' id='word_1_176' title='bbox 0 0 1666 5482; x_wconf 95' lang='lat' dir='ltr'> </span> 
     </span>
    </p>
   </div>
  </div>
 </body>
</html>
