3324 5482
625 625 851 716 -oa-V

269 818 351 887 Non
376 815 565 887 absurdum
586 817 674 885 mihi
696 819 835 887 videtur
851 822 974 907 putare
988 816 1194 903 Horatium,

224 938 264 1003 ut
280 933 422 1002 initium
450 933 508 1002 ita
526 935 693 1002 carminis
712 934 820 1004 finem
843 934 999 1004 strictius
1020 934 1196 1002 imitatum
1225 1028 1228 1033 ³

225 1051 357 1120 fuisse:
381 1049 499 1140 itaque
522 1049 560 1118 in
582 1055 696 1139 poetae
718 1050 819 1121 latini
844 1052 1001 1122 carmine
1023 1050 1075 1143 (i)
1102 1050 1196 1121 inte·

136 1222 139 1227 ⁷
227 1189 329 1259 grum
351 1166 462 1237 Alcaei
478 1167 612 1237 scolion
630 1167 748 1260 legere
767 1168 875 1241 licet:

366 1356 452 1414 Vides
465 1361 496 1412 ut
510 1356 566 1412 alta
580 1361 633 1413 stet
647 1356 711 1413 nive
726 1358 862 1414 candidus

366 1457 449 1512 Mons
463 1456 532 1527 (‘?)···
549 1472 602 1511 nec
612 1457 672 1527 jam
686 1457 841 1514 sustineant
855 1472 926 1513 onus

404 1554 484 1610 Silvae
497 1553 656 1611 laborantes
669 1557 791 1630 geluque

368 1653 499 1712 Flumina
515 1653 690 1710 constiterint
703 1660 793 1711 acuto.
808 1660 813 1668 '

368 1806 493 1863 Dissolve
507 1807 615 1879 frigus,
630 1808 705 1879 ligna
719 1825 805 1883 super
818 1808 880 1864 foco

366 1905 455 1978 Larga
474 1922 633 1980 reponens,
648 1912 731 1980 atque
746 1908 895 1978 benignius

403 2002 543 2075 Deprome
558 2005 739 2076 quadrimum
743 2046 867 2065 .....

369 2103 392 2158 0
413 2141 599 2173 .......
618 2121 731 2160 merum
746 2105 829 2161 diota.

370 2255 504 2312 Permitte
519 2255 593 2311 Divis
608 2262 725 2328 caetera,
746 2257 795 2331 qui
809 2257 893 2314 simul

369 2352 499 2410 Stravere
513 2358 611 2410 ventos
626 2371 739 2427 aequore
753 2355 861 2412 fervido

404 2451 619 2525 Depraetiantes‚
634 2470 687 2508 nec
698 2455 823 2526 cupressi

369 2550 427 2608 Nec
442 2557 555 2608 veteres
568 2552 710 2623 agitantur
724 2553 798 2609 orni.

371 2705 445 2771 Quid
458 2707 495 2763 sit
509 2707 638 2763 futurum
653 2723 714 2762 cras
728 2707 794 2778 fuge
808 2721 951 2780 quaerere,
968 2710 995 2762 et

370 2806 461 2872 Quem
475 2805 533 2861 sors
548 2806 659 2862 dierum
674 2822 795 2878 cumque
809 2805 886 2864 dabit
898 2806 977 2863 lucro

405 2904 540 2977 Appone,
557 2921 609 2960 nec
622 2905 719 2962 dulces
734 2922 845 2964 amores

369 3003 477 3077 Sperne
491 3021 581 3078 puer,
597 3022 690 3079 neque
704 3012 736 3064 tu
752 3007 885 3078 choreas,

370 3155 465 3213 Donec
478 3157 579 3213 virenti
592 3159 707 3217 canities
721 3159 799 3217 abest

370 3255 489 3313 Morosa.
504 3256 587 3313 Nunc
607 3299 793 3315 .......
815 3275 888 3315 areae

404 3347 550 3428 Lenesque
564 3356 617 3413 suh
628 3363 741 3414 noctem
755 3359 868 3415 susurri

371 3451 532 3526 Composita
544 3461 707 3534 repetantur
722 3457 802 3517 hora.

370 3605 452 3664 Nunc
465 3615 494 3664 et
507 3609 618 3666 latentis
632 3610 759 3683 proditor
773 3611 873 3667 intimo

371 3707 473 3764 Gratus
486 3709 588 3781 puellae
602 3694 676 3766 risus
693 3709 727 3766 ah
742 3711 865 3782 angulo,

404 3806 566 3881 Pignusque
580 3809 728 3883 dereptum
744 3811 856 3867 lacertis

370 3905 428 3962 Aut
442 3906 527 3977 digito
539 3909 613 3963 male
626 3907 762 3981 pertinaci
783 3909 832 3981 (2).

265 4077 302 4143 (t)
320 4079 391 4138 Hoc,
410 4078 504 4138 Carra„
520 4081 543 4142 1,
559 4085 583 4134 9.

264 4169 300 4235 (2)
318 4171 394 4223 Verba
413 4171 443 4222 de
460 4171 581 4226 industria
600 4173 684 4237 omisi,
710 4189 767 4238 quae
785 4175 924 4226 Romanurn
942 4168 1017 4222 nimis
1038 4168 1156 4222 redolent.
1169 4194 1202 4209 ·-

232 4261 268 4316 Ci.
283 4266 352 4326 Hor„
366 4265 458 4330 Epor„
475 4272 516 4320 tt.
