3324 5482
635 713 815 788 ..93-

607 991 619 1067 (
631 996 844 1065 runsrnornr)

234 1201 334 1276 frigida
356 1200 488 1271 flamma,
511 1204 540 1256 et
558 1215 575 1256 a
596 1198 707 1258 Venere
732 1200 883 1258 mobilibus
904 1198 1047 1273 palpebris
1071 1200 1205 1272 praedite,

979 1304 989 1370 [
999 1302 1186 1359 contemnitur
1197 1320 1205 1370 ς

235 1407 282 1459 eut
296 1415 370 1472 aegre
388 1398 418 1454 in
435 1396 536 1454 diuitiis
556 1399 714 1472 quaerendis
737 1400 838 1469 sudet,
852 1405 900 1456 aut
919 1398 1073 1456 mulierum
1094 1401 1208 1458 andacia

235 1505 330 1556 mente
343 1498 433 1556 fertur
445 1513 654 1570 quamcumque
665 1515 717 1572 per
730 1499 804 1555 viem
817 1540 824 1571 ,
840 1500 969 1572 (earum)
984 1499 1116 1558 famulus.

235 1600 293 1671 Ego
304 1615 388 1670 vero,
403 1596 554 1672 apueritia
568 1596 682 1681 emabili
694 1614 806 1656 morsus

666 1833 795 1911 (nnonn)

235 2055 292 2096 non
304 2053 430 2096 secusne
442 2037 615 2096 mellitamm
628 2039 725 2113 epium
740 2055 804 2096 cera

234 2138 375 2212 liquesco,
391 2156 481 2212 quum
496 2139 608 2196 intueor
622 2155 776 2212 puerorum
791 2136 940 2195 florentem
954 2137 1109 2210 iuventam.

198 2229 200 2234 ’
236 2237 317 2296 Certe
335 2239 366 2295 in
380 2239 494 2296 Tenedo
506 2239 656 2296 Persuasio
672 2237 777 2296 habitat

234 2343 262 2394 et
277 2338 365 2410 gretie
378 2339 469 2396 filium
479 2338 599 2410 Agesilae
610 2335 765 2412 (ornans).
808 2352 811 2357 ⁴

269 2587 326 2664 ι.)
342 2618 378 2634 -·
396 2577 450 2660 Εἴη
464 2580 511 2644 καὶ
526 2581 591 2665 ἐρᾶν
605 2581 653 2644 καὶ
666 2579 750 2665 ἔρωτι
763 2578 927 2662 χαρίζεσθαι
939 2577 1014 2642 κατὰ
1026 2579 1122 2663 καιρόν
1137 2598 1146 2618 ·

393 2689 433 2769 μὴ
447 2689 630 2773 πρεσόυτέραν
644 2688 760 2773 ἀριθμοῦ
776 2686 881 2768 δίωκε,
896 2686 986 2768 θυμὲ,

370 2796 372 2800 ⁴
393 2793 494 2880 πρᾶξιν
510 2798 565 2879 (1)·

395 3019 489 3078 Liceat
503 3035 617 3090 amare,
634 3019 780 3093 amorique
794 3017 942 3090 indulgere
955 3017 985 3074 in
1001 3022 1147 3092 temperer
1232 3043 1234 3047 ’

394 3117 463 3189 noli,
479 3117 571 3176 anime
586 3117 636 3190 mi,
650 3132 787 3176 venereos
800 3117 908 3175 tardius
921 3115 1054 3191 persequi

395 3219 486 3277 lusus.

271 3472 333 3544 u.)
344 3498 381 3517 -
394 3461 476 3542 Μηδὲ
491 3463 594 3552 μαρρου
608 3462 701 3548 τέρψιν
716 3461 745 3526 ἐν
761 3462 811 3546 §tq
827 3483 836 3502 ·
851 3461 925 3525 πολὺ
938 3481 980 3528 τοι

396 3573 535 3656 φέρτιστον
550 3571 627 3657 ἀνδρὶ
641 3572 756 3658 τερπνὸς
770 3570 838 3636 αἴων
857 3573 908 3654 (2).

398 3793 464 3852 Noli
475 3793 617 3866 negligere
628 3795 801 3867 voluptatem
811 3792 842 3848 in
852 3790 926 3866 vite3
939 3789 1081 3847 bonorum
1092 3786 1168 3843 enim

398 3895 538 3968 optimum
551 3894 611 3952 viro
623 3894 749 3968 jucunde
764 3897 840 3952 aetes.

274 4138 308 4203 (t)
329 4140 429 4201 Athen,
442 4138 511 4202 xlii,
528 4141 586 4192 tii.
600 4137 631 4190 B.
685 4132 688 4137 ’

272 4232 308 4300 (1)
326 4233 513 4295 Athen.‚xl11‚
529 4234 587 4287 6⁰1.
601 4231 632 4284 0.
646 4255 679 4272 -
688 4229 765 4294 xm,
778 4231 838 4285 512.
853 4228 884 4283 Ι).
