3286 5490
751 712 929 781 ...34-

351 878 493 951 Telamo
532 878 628 948 enim
653 881 848 950 arctissima
879 900 958 949 cum
987 877 1139 948 Hercule
1170 877 1330 948 amicitia

351 996 603 1067 celeberrimus
625 997 747 1086 evasit,
775 1018 881 1087 quem
909 998 952 1066 ad
975 996 1115 1085 Trojam
1139 996 1328 1066 comitatus

351 1120 416 1185 est.
439 1113 610 1185 Hercules
633 1114 817 1184 Telamoni
842 1114 1054 1202 Hesionem,
1074 1113 1327 1184 Laomedontis

347 1230 469 1322 filiam,
495 1252 643 1303 uxorem
665 1232 772 1319 dedit,
800 1232 882 1323 quia
906 1252 1047 1302 murum
1069 1231 1220 1321 primuS,
1240 1250 1328 1300 oon-

349 1336 546 1419 scendisset
573 1348 633 1439 (l).
662 1348 804 1419 Telamo
835 1353 953 1419 autem
985 1350 1025 1417 in
1052 1346 1155 1438 Troja
1177 1346 1328 1418 Herculi

349 1464 517 1536 Callinico
537 1485 634 1536 aram
649 1468 772 1554 erexit,
789 1486 940 1556 eumque
958 1466 1124 1535 adversus
1143 1465 1323 1556 Meropas,

346 1582 563 1676 heroemque
601 1584 819 1676 Alcyoneum
853 1583 994 1674 adjuvit.
1032 1583 1219 1654 Salaminis
1258 1605 1326 1654 rex

345 1702 457 1773 lactus
475 1708 555 1794 post
575 1701 735 1794 Cychraei
754 1706 917 1789 mortem,
935 1699 1090 1790 Telamo,
1112 1705 1213 1771 aetate
1233 1721 1323 1772 con·
1416 1710 1420 1715 ’

345 1819 470 1911 sectus,
485 1821 573 1890 duos
589 1819 680 1890 filios
693 1821 869 1890 Teucrum
882 1818 1095 1909 Ajacemquo
1111 1819 1156 1890 ad
1167 1818 1322 1909 Trojam,

321 1954 324 1960 ·
346 1937 435 2008 duce
450 1939 736 2029 Agamemnone,
759 1938 868 2007 misit.

391 2055 422 2124 J.
447 2054 718 2145 Dalechampius
744 2056 781 2123 in
801 2075 865 2124 sua
887 2054 987 2124 scolii
1011 2054 1323 2145 interpretatione,

346 2172 567 2262 apertissime
585 2171 729 2262 quidem
749 2171 902 2241 ostendit
917 2193 1021 2263 quarn
1039 2173 1189 2243 honesta
1207 2194 1324 2244 aemn-

343 2288 474 2360 latione
506 2287 677 2360 Hercules
704 2293 739 2358 et
771 2288 935 2376 Telamo,
969 2290 1126 2360 Achilles
1160 2297 1196 2360 et
1231 2292 1324 2382 Ajax

344 2407 450 2479 simul
475 2409 519 2478 ad
552 2407 850 2478 immortalitatem
889 2407 1087 2478 tenderent.
1119 2408 1189 2479 Sed
1214 2431 1322 2500 quam

342 2524 447 2618 longe
493 2525 636 2596 deflexit
679 2546 699 2595 a
736 2545 843 2595 sensu
882 2546 1049 2595 versuum
1096 2547 1183 2617 quos
1226 2529 1323 2618 apud

343 2639 556 2712 Athenaeum
577 2641 755 2733 legimusl
778 2639 823 2710 Ut
847 2641 1039 2711 verisimile
1071 2646 1142 2730 est,
1171 2647 1323 2732 quatuor

342 2756 419 2828 istis
458 2756 619 2828 versibus
661 2778 787 2827 sensus
822 2757 1055 2848 vulgatissimi
1089 2757 1230 2828 distichi
1262 2759 1321 2829 his

344 2874 564 2964 exprimitur,
587 2875 681 2966 quod
699 2872 795 2943 nullo
818 2874 1035 2959 discrimine,
1060 2879 1164 2964 prout
1190 2875 1320 2965 cuique

343 2993 570 3064 convivarum
593 2992 630 3061 id
654 2991 834 3083 placebat,
864 2992 932 3062 hoc
958 2998 1017 3062 aut
1041 2992 1100 3061 illo
1128 2993 1232 3062 modo
1256 3012 1318 3062 ca·

342 3108 474 3181 nebant
499 3109 557 3201 (2).

382 3225 464 3298 Non
495 3227 535 3297 in
566 3227 739 3297 honorem
783 3225 985 3296 Telamonis
1024 3224 1103 3295 haec
1143 3224 1321 3296 cantilena

337 3343 574 3434 recitabatur,
598 3345 662 3414 sed
685 3345 723 3413 in
745 3343 853 3414 solius
877 3344 993 3433 Ajacis
1019 3342 1187 3413 laudem:
1210 3343 1318 3434 idque

335 3460 470 3531 scolion
507 3461 723 3541 Telamonis,
751 3482 822 3532 non
856 3466 974 3531 autem
999 3460 1124 3549 Aiacis
1145 3466 1314 3551 vocatur,

336 3577 420 3668 quia
443 3577 643 3650 Telamonis
676 3581 820 3652 nomine
848 3578 996 3668 incipit,
1030 3600 1103 3648 non
1137 3599 1241 3649 secus
1275 3598 1317 3648 ac

336 3713 480 3767 carmen
508 3718 577 3789 quo
611 3698 731 3789 ignavi
759 3697 903 3767 Admeti
928 3702 1095 3787 parentes
1125 3702 1312 3787 notantur,

332 3809 566 3906 laudaturque
579 3815 717 3887 devotio
729 3814 930 3903 Alcestidis,
945 3813 988 3884 oh
1004 3835 1082 3885 eam
1094 3814 1314 3885 solummodo

336 3948 478 4002 causam
503 3931 646 4003 Admeti
668 3931 802 4027 scolion
821 3930 1034 4023 appellatur,
1057 3934 1151 4025 quod
1171 3930 1313 4003 Admeti

331 4065 464 4120 nomen
489 4050 645 4141 primum
671 4048 837 4120 carminis
862 4049 1010 4121 verbum
1032 4058 1097 4123 est.

367 4238 399 4295 ill
418 4238 531 4302 Apollod.
547 4239 676 4300 Botion,
691 4239 726 4300 11,
741 4240 780 4301 tt,
795 4240 818 4302 2,
833 4241 857 4294 ln
871 4232 936 4292 tuit.
950 4245 1024 4295 1555.

364 4329 400 4394 (2)
418 4330 456 4384 (ll.
469 4331 563 4399 ineu,
577 4347 603 4400 p.
617 4336 648 4388 76
661 4338 686 4386 et
698 4335 737 4387 79.
