3324 5482
816 790 819 794 Δ
858 691 1034 807 -121-

525 873 588 949 a.)
602 903 647 917 -
669 863 749 936 Non
779 863 992 936 omittendus
1017 867 1070 933 est
1101 860 1246 934 Procius
1266 863 1340 956 (i),
1368 866 1447 956 qui,

479 986 664 1073 postquam
684 991 795 1054 σκολιὸν
811 992 899 1071 μέλος
918 980 1046 1052 dixerit
1063 981 1253 1052 remissum
1273 980 1448 1074 composi·

479 1098 574 1168 tione
600 1103 636 1169 et
658 1099 959 1190 simplicissimum
987 1117 1064 1168 esse
1094 1105 1254 1188 (ἀνειμένον
1280 1107 1311 1168 at
1335 1106 1391 1170 ἐστι
1414 1103 1450 1188 τῇ

478 1223 636 1309 κατασκευῇ
650 1225 698 1289 καὶ
712 1224 902 1288 ἁπλούστατον
916 1222 1068 1307 μάλιστα),
1085 1215 1134 1285 a'tl
1152 1197 1295 1285 carmen
1307 1215 1393 1286 illud
1402 1216 1452 1287 ila

479 1336 641 1417 vocatum
663 1333 785 1423 fuisse,
812 1334 907 1424 quia,
931 1353 1058 1424 quum,
1077 1332 1351 1402 hebescentibus
1370 1353 1451 1403 sen-

479 1448 598 1538 sibus,
631 1450 851 1541 gravatisque
893 1450 975 1519 vino
1017 1449 1199 1536 convivis,
1235 1449 1368 1519 cithara
1411 1450 1450 1526 in

478 1566 633 1636 medium
662 1565 867 1656 afferretur,
906 1566 1076 1658 quisque,
1099 1570 1219 1655 utpote
1242 1565 1386 1659 ebrius,
1411 1568 1450 1636 in

479 1683 669 1772 citharam,
704 1688 742 1753 ut
780 1685 829 1753 ita
861 1683 1003 1773 loquar,
1039 1681 1250 1769 incubabat3
1283 1703 1324 1752 ea
1354 1684 1449 1752 enim

477 1802 703 1867 curvaturae
731 1797 886 1873 convivis
906 1796 949 1866 ad
969 1795 1169 1865 cantionem
1194 1795 1309 1884 ipsam
1333 1816 1447 1884 versa,

476 1933 618 1986 carmen
633 1913 933 2004 simplicissimum
948 1911 1094 1984 Scotino
1109 1913 1160 2002 (h.
1184 1933 1217 1982 e.
1239 1913 1447 2005 curvatum)

474 2034 636 2101 vocatum
662 2030 738 2100 fuit.

503 2231 570 2330 'Ex
597 2259 761 2333 omnibus
792 2260 848 2330 his
868 2258 976 2348 lociS,
1001 2258 1084 2330 licet
1113 2266 1191 2361 tam
1212 2260 1343 2330 diversi
1364 2278 1447 2330 auc-

359 2420 363 2427 ·
475 2384 570 2448 tores
590 2400 663 2449 non
686 2379 790 2470 plane
814 2377 908 2448 inter
940 2398 979 2448 se
1009 2378 1250 2466 consentiant,
1282 2384 1446 2469 apparet,

476 2499 536 2565 aut
559 2516 624 2586 ego
642 2492 762 2582 fallor,
787 2493 968 2583 primum,
993 2493 1102 2565 finitis
1127 2494 1262 2584 epulis,
1288 2514 1449 2585 paeanem

474 2612 513 2681 in
542 2610 688 2703 alicujus
717 2611 783 2681 Dei
821 2611 994 2682 honorem
1032 2616 1207 2682 cantatum
1241 2610 1363 2681 fuisse.
1403 2610 1449 2682 Ut

476 2730 572 2798 enim
593 2734 713 2820 aperte
747 2726 900 2798 declarat
929 2714 1159 2818 Plutarchus,
1182 2728 1335 2798 convivae
1358 2727 1449 2799 sole·

474 2844 560 2916 bant
586 2845 740 2936 primum
770 2848 912 2915 cantare
935 2865 1096 2936 paeanem
1131 2846 1199 2915 Dei
1228 2865 1298 2917 una
1325 2867 1448 2917 omnes

474 2981 560 3033 voce
594 2961 716 3032 laudes
745 2962 858 3052 ipsius
892 2947 1113 3034 celebrando.
1128 3001 1172 3016 -
1188 2961 1268 3032 Non
1295 2962 1447 3034 dilucide

476 3079 619 3169 quidem
645 3079 817 3149 Artemon
848 3078 933 3148 dicit
959 3099 1121 3168 paeonem
1147 3080 1187 3149 in
1207 3078 1353 3170 alicujus
1382 3081 1447 3150 Dei

475 3195 647 3265 honorem
675 3195 718 3265 ab
738 3195 912 3266 universis
936 3197 1091 3266 convivis
1115 3201 1196 3266 ante
1223 3197 1342 3267 omnia
1361 3217 1446 3267 can-

475 3315 585 3380 tatum
605 3312 740 3399 fuisse3
767 3332 854 3381 num
881 3332 964 3380 vero
996 3313 1091 3382 aliud
1114 3311 1307 3402 significat,
1339 3335 1448 3404 quum

475 3425 583 3495 refert
624 3452 640 3490 u
675 3428 830 3516 primum
861 3426 948 3497 illud
983 3431 1179 3498 carminum
1216 3414 1447 3501 convivalium

477 3561 573 3630 esse,
598 3542 759 3642 quodab
779 3544 942 3614 omnibus
967 3547 1101 3616 cantari
1127 3544 1285 3616 solemne
1307 3547 1404 3616 iuit‘l
1429 3571 1446 3616 ν

474 3658 728 3730 -Athenaeus
758 3659 968 3752 quoque'(2)
997 3663 1045 3732 ait
1071 3685 1077 3731 :
1110 3687 1126 3729 u
1149 3662 1263 3766 Prisci
1283 3664 1446 3735 homines

473 3936 499 3985 p.
519 3920 583 3984 art)
602 3921 732 3973 ridiculam
753 3937 806 3975 esse
826 3921 932 3974 ostendit
955 3923 1127 3989 etymologiam
1145 3928 1174 3977 ab
1192 3928 1359 3992 Aristophanis
1377 3930 1449 3980 scho-

472 4019 544 4069 liasta
564 4019 661 4082 datam,
683 4035 762 4084 quum
784 4023 885 4074 verbum
903 4014 1016 4088 σκολιός
1028 4025 1101 4076 verbo
1116 4017 1250 4092 δύσκολος
1268 4029 1369 4091 minime
1388 4030 1449 4080 vici·

473 4131 533 4168 num
547 4117 587 4168 sit.

509 4209 546 4274 (t)
564 4210 699 4262 Chrestom.
720 4225 759 4275 ap.
776 4212 858 4274 Phoc,
871 4228 895 4277 p.
912 4217 968 4267 988.

509 4302 810 4367 mmmmm
