3324 5482
599 723 775 792 ..67-

293 892 357 949 Non
377 895 487 964 oportet
506 891 587 947 malis
606 892 733 948 animum
747 892 872 947 dedere:

293 991 363 1047 nihil
379 991 453 1045 enim
468 990 665 1063 proficiemus,
681 991 705 1048 si
718 1007 840 1047 moerore
853 1004 905 1046 nos
919 987 1110 1058 effecerim,

297 1107 313 1145 o
328 1089 452 1156 Buechi;
468 1090 627 1145 remedium
641 1094 736 1146 autem
751 1089 889 1164 optimum
903 1094 963 1160 est,

298 1188 397 1245 vinum
411 1188 559 1245 afferentes
572 1188 716 1245 inebriari.

253 1414 308 1482 a.)
325 1443 369 1455 -
383 1404 499 1487 Quum
516 1406 738 1497 popularium
755 1405 909 1496 partium
928 1405 999 1475 dux
1018 1401 1182 1494 Myrsilus

208 1521 332 1610 periit,
370 1542 476 1612 quem
509 1521 645 1592 Alcaeus
681 1521 936 1613 optimatesque
978 1517 1185 1610 inexpiabili

212 1638 291 1708 odio
319 1639 654 1730 prosequebantur:
681 1707 683 1712 .

372 1866 428 1926 Νῦν
441 1865 498 1962 χρὴ
513 1865 649 1943 μεθύσθην
662 1863 710 1926 καί
724 1884 785 1926 τινα
798 1864 867 1946 πρὸς
884 1863 942 1926 θίαν
1014 1837 1020 1847 ’

373 1973 474 2052 πίνειν,
491 1972 585 2050 ἐπειδὴ
600 1973 722 2035 κάτθανε
737 1972 879 2054 Μυρσίλος
895 1971 946 2055 (l).

372 2161 454 2217 Nune
467 2167 577 2234 oportet
590 2160 739 2232 inebriari,
755 2166 783 2217 el
794 2161 919 2235 aliquem
931 2161 976 2218 vel
988 2160 1105 2219 invitum
1133 2170 1138 2177 '

372 2260 488 2331 hibere,
505 2262 581 2334 quod
596 2267 727 2318 mortuus
741 2260 777 2316 sit
791 2259 934 2333 Myrsilus,

261 2450 336 2520 Hoo
359 2449 460 2520 soolii
475 2451 618 2521 initium
632 2451 789 2521 imitatus
805 2455 859 2520 est
880 2451 1061 2540 Horatius,
1080 2469 1189 2541 quum

217 2566 400 2657 Cleopatra
428 2573 586 2658 mortua,
615 2568 857 2639 infensissima
887 2566 1008 2659 populi
1039 2567 1190 2640 Romani

216 2685 335 2773 hoste,
358 2685 552 2755 exclamat:

377 2891 460 2949 Nune
473 2898 515 2948 est
528 2891 700 2967 bibendum,
716 2909 793 2950 nune
806 2893 879 2966 pede
894 2893 983 2954 libero

376 2990 518 3047 Pulsanda
532 2993 616 3048 lellus
631 2992 676 3066 (θ).

264 3177 421 3249 Levioris
442 3181 623 3250 'momenti
647 3181 927 3272 fragmentorum
956 3182 1125 3254 nonnulla
1149 3182 1193 3253 ad

218 3295 327 3367 vitem
354 3299 480 3366 autad
508 3299 629 3368 vinum
653 3299 832 3370 lautumve
855 3301 987 3371 vietum
1006 3300 1189 3371 alludunt:

256 3540 359 3610 11.)-
369 3529 464 3608 Μηδὲν
479 3529 554 3593 ἄλλο
569 3524 702 3618 ιφυτεύσῃς
716 3534 847 3615 πρότερον
862 3531 987 3618 δένδρεον
1003 3533 1124 3614 ἀμπέλω
1139 3534 1191 3616 (3).

199 3753 202 3760 ·
364 3731 477 3788 Nullam
490 3731 574 3786 aliam
589 3731 694 3787 severis
708 3732 839 3790 arborem
851 3732 930 3806 prius
941 3733 1006 3790 rite.

258 3946 293 4011 (r)
312 3946 414 4008 Arnen„
431 3949 468 4008 x,
482 3950 538 4001 aar.
554 3949 585 3999 n.
596 3948 689 3999 -vnr
704 3935 783 4013 uuo,
800 3950 865 4000 nter
878 3963 941 4012 quos
952 3950 983 3999 u.
1001 3947 1148 4014 stephanus,
1166 3960 1197 4000 ex

221 4039 318 4090 Horatii
334 4039 485 4102 imitatione,
509 4059 520 4086 «
537 4057 604 4091 nnnc
624 4043 685 4106 pade
698 4041 776 4094 libero
792 4043 913 4107 pulsanda
931 4041 1030 4094 tellus»
1052 4043 1197 4094 emendave-

221 4147 305 4193 runtz
330 4156 345 4189 n
366 4130 413 4194 nol
427 4133 514 4213 χθόνα
528 4132 597 4214 πρὸς
612 4132 671 4197 &lor
686 4135 787 4196 παίειν.
811 4159 824 4196 ν

261 4241 297 4308 (2)
315 4243 385 4303 Hor„
404 4243 541 4303 0arm.,1,
558 4247 597 4295 37.

262 4335 296 4402 (3)
318 4336 416 4401 Athen,
432 4339 468 4402 X,
486 4339 542 4393 loo.
557 4337 585 4388 G.
