3324 5482
636 712 639 719 '
743 708 921 820 *bt-

342 909 376 922 -
388 877 475 937 Base.
498 878 573 946 Quid
587 879 699 936 audes?
713 880 840 952 perditus
855 896 884 938 es
899 881 967 939 talia
979 883 1124 943 clamanst

341 979 492 1038 minabitur
506 981 581 1037 enim
595 998 625 1038 se
639 982 817 1055 perditurum
835 988 862 1040 te
879 989 907 1041 et
926 985 1147 1058 exstincturum,

235 1092 244 1109 ·
341 1085 425 1154 atque
442 1098 476 1137 ex
491 1081 544 1138 hac
557 1081 671 1153 regione
686 1087 878 1140 extrusurum.
890 1111 925 1126 —
940 1085 1023 1141 Palu.
1044 1086 1102 1158 Ego
1115 1102 1200 1157 vero,

336 1178 364 1256 si
377 1179 424 1234 illc
440 1179 607 1251 minabitur,
625 1180 720 1250 aliud,
735 1181 876 1252 Hercule,
892 1183 1040 1239 cecinam:

341 1279 419 1334 Heas
433 1283 475 1349 ta,
491 1280 587 1350 bomo,
601 1281 651 1353 qai
664 1280 768 1336 imane
782 1279 948 1337 maaimam
955 1282 1123 1354 potentiam
1137 1285 1270 1357 affectas,

341 1378 418 1433 iaaac
432 1378 581 1435 civitatem
589 1379 719 1450 jarajam
735 1379 882 1436 labantem
892 1381 1013 1452 penitas
1027 1386 1143 1440 evertes.

343 1475 469 1535 -Bnrn
487 1477 561 1544 Quid
569 1481 674 1547 autem,
683 1494 772 1550 quum
780 1478 918 1550 Theorus,
928 1479 964 1535 ad
973 1480 1313 1554 tuospedesaccumbens,
1362 1492 1365 1497 ⁴

341 1581 436 1644 canet,
451 1576 592 1648 prehensa
612 1575 724 1633 Cleonis
738 1577 856 1634 dextra:
1345 1577 1350 1585 '

341 1672 459 1731 Admeti
472 1675 646 1746 historiam,
663 1693 678 1730 o
694 1675 803 1746 amice,
820 1676 935 1747 doctas,
952 1675 1028 1732 ciros
1043 1677 1130 1733 bonos
1141 1695 1224 1748 ama,

342 1775 418 1847 quod
429 1775 471 1831 illi
490 1774 596 1830 referes
610 1773 739 1830 scoliont
751 1803 781 1817 -
805 1774 887 1831 Pam.
908 1775 953 1832 Ad
967 1774 1043 1831 hunc
1056 1775 1162 1833 scilicet
1175 1777 1312 1834 modum:

340 1872 408 1930 Noa
423 1873 488 1929 licet
501 1872 671 1944 vulpinari,
687 1889 779 1945 aeque
798 1873 935 1929 ambobus
951 1874 1079 1930 amicam
1092 1874 1169 1947 fieri.

341 1997 376 2012 -
387 1968 474 2027 Brun.
495 1971 563 2025 Post
580 1968 662 2024 illum
676 1969 840 2039 AEschines,
856 1970 925 2026 Selii
942 1970 1035 2041 filius,
1058 1971 1175 2045 excipiet
1189 1971 1312 2043 scolion,

343 2064 383 2121 vir
397 2065 495 2122 doctus
510 2074 538 2123 et
550 2066 696 2137 musicae,
713 2071 797 2139 atque
812 2067 851 2124 ita
866 2068 991 2126 incinet:

341 2165 484 2222 Pecaaias
501 2172 529 2223 et
545 2184 611 2238 opes
626 2167 842 2242 Clitaaomrqae
861 2168 975 2226 etmihi
989 2186 1055 2226 cam
1074 2159 1228 2230 Thessalis.
1244 2201 1279 2215 ·-

342 2295 375 2307 -
387 2265 470 2323 Pina.
490 2267 601 2323 Multas
614 2284 685 2323 saae
698 2285 749 2340 eqo
764 2273 792 2324 et
808 2272 842 2324 ta
856 2267 1072 2341 dissipavimus,

343 2394 376 2409 -
388 2363 475 2422 Buri..
492 2367 552 2422 Hoc
563 2366 679 2438 quidem
690 2368 851 2425 luculenter
864 2371 896 2425 tu
910 2367 1055 2427 calles....‚
1078 2386 1091 2423 n

364 2674 367 2678 ι
386 2590 445 2666 ιτ.)
463 2622 508 2635 -
522 2581 725 2654 Scholiasta
741 2582 793 2675 (1)
812 2583 850 2653 in
867 2583 965 2653 hunc
990 2582 1185 2672 Vesperam
1199 2582 1315 2653 laeum

343 2701 518 2773 adnotatio
545 2699 623 2771 talis
656 2705 734 2771 est:
765 2725 780 2764 «
805 2699 913 2770 Vetus
946 2720 1023 2771 mos
1051 2705 1127 2770 erat
1153 2701 1317 2771 convivas

342 2821 421 2908 post
435 2834 573 2887 coenam
589 2835 730 2903 canere,
745 2815 901 2906 primurn
916 2814 1097 2905 exordiae
1113 2819 1315 2907 sequentes,

346 2934 378 3003 si
410 2933 621 3004 cantilenam
641 2933 792 3003 recitare
827 2931 1017 3003 desineret.
1047 2930 1189 3002 Primus
1222 2931 1317 3002 enim

345 3048 435 3120 lauri
468 3054 527 3120 aui
561 3050 666 3140 myrti
694 3069 834 3120 ramum
862 3052 989 3119 tenens
1024 3049 1181 3119 carmina
1202 3047 1318 3118 Simo-

346 3166 439 3236 nidis
458 3169 519 3237 aut
539 3164 745 3256 Stesichori,
767 3186 879 3259 usque
905 3167 989 3237 dum
1011 3166 1131 3255 vellet,
1154 3166 1317 3255 canebat,

347 3288 382 3354 et
399 3287 522 3374 postea
539 3304 677 3354 ramam
697 3285 755 3355 cui
774 3288 919 3376 cuperet
937 3283 1060 3372 dabat,
1085 3303 1158 3353 non
1172 3283 1221 3353 ita
1237 3303 1319 3353 vero

344 3407 382 3472 ut
407 3401 492 3472 ordo
508 3402 736 3474 convivarum
756 3402 927 3494 exigeret.
945 3402 1014 3484 Qui
1033 3407 1150 3474 autem
1170 3401 1320 3492 aprima

344 3535 483 3590 ramum
506 3510 711 3611 acceperat,
737 3540 880 3591 carmen
907 3521 1103 3611 incoeptum
1125 3539 1319 3610 perseque-

344 3636 467 3726 batur,
490 3638 620 3728 etipse
644 3657 783 3721 ramum
803 3637 861 3708 oui
884 3640 1029 3727 cuperet
1044 3636 1159 3707 dabat.
1182 3636 1318 3728 ltaque,

345 3752 513 3845 quoniam
538 3773 662 3824 omnes
691 3753 846 3824 convivae
874 3753 917 3824 de
948 3752 1138 3843 improviso
1165 3753 1321 3822 carmina
1401 3760 1405 3768 '

347 3869 520 3940 canebant
552 3874 588 3940 et
623 3868 812 3958 dicebant,
845 3889 887 3941 ea
922 3868 968 3940 ob
1000 3867 1241 3940 difficultatem
1276 3866 1321 3957 (2)Ι

346 3985 469 4056 Scotto
492 3984 665 4076 appellata
686 3990 779 4056 sunt.
809 4007 826 4053 n

380 4248 413 4312 (t)
431 4249 511 4301 Sebol.
524 4248 550 4299 in
566 4249 633 4313 Vesr.
648 4251 722 4300 1222.
795 4285 798 4290 -

382 4341 417 4405 (2)
433 4341 590 4407 apertissime
603 4342 726 4394 Barettius
741 4342 822 4403 (Mem.
837 4340 869 4391 de
880 4341 942 4391 l‘Ae.
959 4341 1001 4392 des
1013 4343 1090 4392 lusor.
1106 4345 1130 4389 et
1142 4338 1224 4397 n-L,
1240 4345 1256 4387 t.
1271 4334 1320 4396 XV,
