3324 5482
872 681 1048 752 ..38-

473 869 648 942 quemque
662 849 815 940 lepidam
831 850 1030 920 cantionem
1044 850 1083 920 in
1099 851 1256 921 medium
1270 853 1441 943 proferre.

471 968 676 1061 Elegantem
694 988 778 1038 vero
793 966 1004 1038 cantilenam
1022 968 1204 1058 putabant,
1222 990 1301 1061 quae
1320 971 1445 1042 exhor-

470 1083 639 1154 tationem
654 1082 842 1174 quamdam
858 1081 1166 1171 complecteretur,
1187 1089 1247 1153 aut
1266 1086 1444 1178 egregiam

471 1202 699 1290 sententiam,
722 1201 845 1271 utilem
870 1200 950 1270 vitae
978 1200 1175 1271 hominum.
1201 1226 1217 1266 ν
1240 1202 1444 1290 Eustathius

471 1339 609 1410 quoque
634 1317 686 1409 (t)
708 1317 817 1387 multa
841 1314 949 1386 scolia
972 1316 1065 1386 seria
1083 1316 1191 1387 tuisse
1215 1317 1284 1406 ait,
1308 1349 1324 1383 a
1345 1327 1443 1388 πολλὰ

469 1440 604 1503 σπουδαῖα
624 1461 638 1501 ν)
668 1431 733 1524 (2).

515 1548 617 1630 Quod
643 1549 674 1617 si
695 1548 889 1639 putandum
920 1551 973 1617 est
996 1546 1201 1638 Sapientum
1226 1547 1318 1618 dicta
1342 1548 1442 1618 brevi

468 1669 508 1738 in
526 1665 707 1736 cantiones
725 1685 828 1735 versa
846 1665 967 1754 luisse,
984 1684 1056 1734 non
1076 1664 1157 1734 ideo
1177 1684 1197 1734 a
1217 1663 1441 1755 Sapientibus
1474 1730 1476 1734 .

469 1783 628 1854 conditos
660 1802 738 1852 esse
770 1782 915 1852 credere
949 1780 1119 1850 debemus
1154 1801 1214 1850 eos
1255 1779 1441 1872 populares

370 1947 372 1952 ·
468 1895 673 1983 versiculos,
699 1898 737 1965 in
760 1896 906 1966 modum
932 1885 1133 1984 scoliorum,
1156 1915 1244 1987 quos
1264 1894 1441 1986 Diogenes

468 2015 629 2085 Laertius
648 2013 803 2102 Thaleti,
832 2012 970 2103 Soloni,
989 2011 1145 2100 Chiloni,
1168 2011 1315 2101 Pittaco,
1330 2012 1439 2083 Bian-

412 2208 417 2218 ,
468 2133 566 2224 tique
581 2130 747 2221 assignat,
759 2130 957 2222 quibusque
971 2130 1215 2221 huJuscemodi
1229 2131 1438 2200 sententiam

469 2247 652 2340 praefigere
683 2245 806 2316 solitus
834 2249 887 2315 cst
917 2269 923 2314 :
954 2268 971 2314 «
996 2247 1047 2316 Ex
1068 2247 1215 2318 cantatis
1240 2247 1314 2337 ejus
1339 2246 1440 2318 dictis

468 2364 545 2435 haec
569 2362 722 2433 maxime
743 2361 947 2452 probantur.
978 2391 993 2428 ν
1028 2384 1044 2430 u
1064 2373 1125 2434 Τῶν
1149 2371 1181 2432 δὲ
1202 2370 1344 2450 ᾀδομένων
1359 2370 1440 2433 αὐτοῦ

469 2489 591 2570 μάλιστα
616 2487 779 2567 εὐδοκίμησε
804 2487 881 2550 τάδε.
911 2505 927 2542 >r
956 2477 1088 2549 Omnes
1116 2479 1155 2549 hi
1187 2478 1377 2568 versiculi,
1403 2485 1442 2550 ut

469 2599 599 2689 optima
623 2601 722 2667 notat
739 2593 841 2666 Ottfr.
862 2595 1033 2666 Miillerus
1049 2595 1115 2688 (3),
1137 2600 1168 2667 si
1190 2596 1346 2687 linguam
1368 2616 1441 2666 me-

468 2721 632 2805 trumque
649 2713 852 2803 perpendis,
876 2714 920 2783 ad
940 2696 1036 2783 idem
1056 2713 1236 2805 exemplar
1253 2712 1326 2783 ficti
1345 2719 1438 2802 sunt,

468 2829 517 2899 ita
540 2834 580 2899 ut
605 2829 822 2899 credendum
853 2834 947 2898 esset
978 2831 1071 2900 inter
1102 2836 1238 2921 septem
1256 2829 1440 2920 Sapientes

470 2946 701 3035 convenisse,
733 2951 773 3015 ut
810 2947 958 3038 quisque
985 2947 1031 3017 iis
1064 2949 1178 3018 modis
1211 2948 1440 3039 numerisque

470 3066 722 3155 componeret,
758 3062 819 3154 qui
857 3063 1076 3134 solummodo
1118 3065 1275 3155 AEschyli
1303 3064 1441 3155 Sopho-

470 3179 604 3272 clisque
640 3184 740 3250 aetate
780 3180 898 3251 usitati
933 3187 1026 3252 sunt.
1061 3181 1253 3271 Attamen,
1284 3180 1368 3263 licet
1404 3182 1442 3250 hi

469 3295 635 3367 versiculi
666 3295 814 3366 Graeciae
860 3296 1086 3388 Sapientibus
1131 3318 1204 3367 non
1239 3296 1441 3387 assignandi

471 3413 566 3501 sint,
593 3412 694 3504 quasi
719 3433 783 3503 pro
818 3419 913 3484 certo
944 3435 1077 3506 ponere
1106 3435 1293 3505 possumus
1319 3415 1441 3506 vulga-

471 3529 606 3599 tissima
651 3533 810 3599 veterum
842 3530 1048 3621 Sapientum
1085 3532 1177 3602 dicta
1218 3532 1255 3600 in
1297 3532 1440 3602 modum

471 3644 660 3714 scoliorum
690 3644 783 3715 circa
817 3646 971 3736 AEschyli
996 3652 1054 3718 aut
1086 3645 1269 3737 Sophoclis
1302 3651 1440 3718 aetatem

472 3779 642 3832 conversa
663 3759 785 3832 fuisse.

504 3995 540 4063 (1)
561 3997 650 4064 Θάμνα.
661 3998 712 4061 Vll,
725 4013 751 4064 p.
765 4000 840 4053 rma.
851 3997 916 4050 Edit.
929 3999 1001 4048 Rom.

504 4089 539 4156 (2)
556 4089 595 4142 Cf.
617 4089 787 4144 Aristoxenum
805 4091 990 4157 Phyllidemque
1005 4091 1139 4154 Muscam,
1155 4091 1222 4157 apud
1238 4090 1353 4152 Suidam,
1367 4091 1441 4143 verbo

470 4180 590 4246 σκολιὸν.

503 4284 536 4353 (3)
555 4288 619 4344 Hist.
633 4288 662 4342 dc
671 4288 696 4341 ta
706 4289 766 4344 titt.
778 4304 828 4354 pn,
843 4289 905 4349 trad,
918 4305 963 4357 par
974 4294 1005 4346 K.
1016 4292 1167 4356 Hillebrand,
1183 4295 1208 4344 Ι·
1218 4291 1288 4354 edit,
1302 4297 1322 4345 t.
1336 4292 1369 4354 ΙΙ,
1383 4294 1441 4345 tlt.
